3342 5317
412 676 485 775 Dt
510 670 1078 837 Attt·uiit'onibur‘·Eletiivisc
1126 711 1211 806 419.

276 903 354 964 nus
365 883 465 983 ttnt'a
477 879 660 962 interdum
673 879 867 984 adquirere
878 878 985 986 poffit
996 903 1211 987 augmenta,

276 1005 323 1066 ut
350 988 525 1084 domum,
556 993 675 1063 immo
697 1002 813 1065 totam
839 983 1060 1068 ,consumere
1084 992 1207 1082 valeat
1286 1043 1289 1048 n
1346 1003 1355 1012 '

275 1091 422 1168 urbem.
469 1093 566 1166 Heic
580 1107 682 1167 certe
704 1087 846 1168 causam
865 1091 1002 1192 mirum
1027 1112 1206 1196 quantum

274 1192 424 1298 superat
439 1194 602 1278 effeetus.
639 1195 710 1270 Sed
724 1193 854 1273 nostro
872 1221 955 1274 oevo
973 1193 1052 1274 fere
1068 1222 1205 1290 omnes

239 1389 243 1399 ¹
275 1297 326 1376 de
343 1305 490 1400 propria
512 1304 610 1402 ignis
636 1302 788 1377 materia
810 1296 1070 1398 consentiunt,
1093 1301 1208 1404 idque

272 1406 382 1501 jure,
406 1427 491 1478 nam
507 1408 657 1485 materia
670 1395 746 1480 stne
769 1400 885 1479 dubio
906 1401 980 1502 est,
1007 1429 1085 1505 quae
1106 1429 1204 1508 pon·
1225 1412 1226 1425 ’

273 1503 365 1582 dete
384 1503 548 1606 gaudem*
565 1530 648 1607 quae
658 1499 894 1582 attractiones
910 1525 1078 1602 exercet,
1102 1511 1203 1590 alias·

272 1633 348 1710 que
361 1609 568 1710 qualitates,
593 1613 635 1683 in
657 1603 920 1688 variiscafibus
937 1607 1042 1688 valde
1055 1604 1204 1716 conspiss

270 1737 365 1789 cuas
377 1710 602 1806 &adcurate
623 1710 924 1796 determinandas.
974 1707 1076 1792 Huic
1087 1717 1201 1818 igitur

268 1810 366 1892 thesi
379 1811 672 1893 demonstrandae
689 1818 841 1893 ulterius
862 1813 1053 1895 immorari
1073 1815 1222 1922 super-⁰

267 1917 393 1996 fluum
412 1918 523 1996 duem
579 1910 708 2018 Qualis
726 1933 848 1994 autem
869 1915 913 1998 fit
936 1915 1016 1996 haec
1032 1931 1199 2024 materia,

267 2022 425 2122 gordius
439 2019 491 2098 est
505 2018 626 2100 solutu
640 2021 754 2124 longe
767 2016 959 2100 difficilior.
987 2019 1085 2101 Heio
1097 2024 1208 2116 Rho..

266 2127 361 2224 dus,
378 2128 471 2222 'heic
485 2124 576 2206 salta.
627 2124 730 2200 Num
751 2124 1060 2228 rettinecatorts,
1085 2125 1197 2230 quani

265 2236 371 2329 ignis-
389 2235 541 2321 materia
564 2229 788 2331 appelletur,
812 2254 874 2306 me
894 2228 1042 2330 quidem
1058 2233 1194 2332 judice,
1296 2315 1299 2322 .
1319 2231 1322 2238 '

265 2331 427 2411 nonest
452 2333 675 2432 ambiguum.
743 2327 841 2436 Ignis
862 2358 997 2434 nempe
1021 2331 1113 2412 esta
1273 2346 1280 2404 t

265 2439 424 2533 caloris',
461 2436 506 2514 ad
528 2453 672 2514 certum
693 2427 846 2538 gradu'm
869 2434 986 2526 audii,
1029 2437 1142 2541 ideoq

1422 1915 1429 1950 i

264 2548 344 2618 cito
359 2536 537 2617 transiens
550 2539 685 2642 pabulo
697 2535 907 2634 consumto,
930 2538 990 2616 sed
1005 2543 1107 2630 calor
1119 2569 1193 2624 ma·

261 2660 349 2742 net,
366 2649 535 2745 quamvis
550 2640 736 2720 rarescens
756 2648 853 2718 inter
873 2644 941 2719 alia
957 2640 1193 2725 distribuatur

260 2771 438 2850 corpora.
487 2747 531 2822 ln
550 2753 638 2847 igne
658 2744 799 2847 semper
819 2743 873 2822 est
890 2745 1011 2845 calor,
1034 2746 1190 2852 sednon

259 2860 389 2930 omnis
402 2852 503 2928 calor
523 2856 603 2949 igni
623 2847 822 2928 excitando
844 2843 990 2928 sufficit:
1018 2851 1190 2955 determi-

257 2971 344 3034 nata
358 2961 562 3056 requiritur
575 2960 615 3029 in
630 2959 766 3054 quovis
789 2949 872 3030 casu
885 2951 1001 3032 obvio
1019 2955 1189 3036 accumu-

257 3061 358 3138 latio.
426 3055 504 3137 Ntfi
531 3063 646 3156 igitur
665 3052 882 3132 consuemm
903 3056 1079 3157 loquendi
1103 3067 1189 3154 mo·

260 3163 351 3242 dum
366 3169 554 3240 invertere
568 3157 710 3253 lubeat,
734 3164 850 3256 magis
863 3165 916 3233 rei
938 3175 1076 3238 natorae
1091 3185 1187 3240 con·

258 3273 393 3344 venire
413 3263 564 3340 videtur
585 3259 860 3347 denominatio,
884 3284 996 3362 quarn
1015 3269 1059 3341 in
1081 3257 1187 3366 para}
1285 3317 1289 3324 ,

257 3370 393 3474 graphi
403 3364 644 3468 inscriptione
655 3366 761 3464 elegi.

329 3575 389 3673 B)
413 3567 660 3669 Pnncrrun,
681 3593 766 3672 quae
778 3570 853 3670 J‘am
867 3573 1018 3668 vigent,
1043 3563 1089 3644 de
1106 3589 1184 3646 ma·

255 3685 350 3757 teria
372 3678 506 3758 caloris
525 3675 735 3775 sententie,
778 3671 827 3754 ad
845 3677 914 3752 triu
923 3665 1102 3781 systemata
1123 3695 1185 3750 re·

255 3777 663 3889 ferripoffevidentut.
1209 3791 1212 3798 ⁴

334 3989 468 4066 imum
519 3981 700 4066 Nonnulli
713 3983 837 4064 lucem
855 3975 967 4090 ipsam
978 3981 1036 4062 uti
1055 3981 1183 4083 ignem
1204 3999 1207 4008 ’
1316 3938 1320 3946 ι

254 4091 520 4170 elementarem
549 4089 769 4192 respiciunt,
800 4113 882 4190 quae
903 4087 945 4166 in
964 4085 1057 4164 statu
1076 4085 1182 4162 liber·
1284 4183 1290 4194 -

251 4199 341 4300 terit
362 4193 532 4280 nostrum
552 4187 1027 4377 circumquafindeninvolvit
1054 4189 1185 4396 pltaatg}
