3342 5317
513 709 590 832 ψ
701 682 771 782 De
803 683 1024 800 Produffit
1056 689 1108 782 V
1100 687 1275 816 ultaniiel

544 913 549 922 ·
588 887 725 987 Hujus
740 885 869 970 erustae
887 889 1099 974 albescentis
1117 891 1328 1000 superficies
1341 923 1365 977 e
1379 915 1441 979 tu·

512 987 671 1074 herculis
698 994 936 1095 inaequalibus
963 999 1243 1099 conglomerata
1276 1003 1439 1103 videtur,

511 1096 608 1176 adeo
621 1114 662 1174 ut
674 1095 787 1177 flores
802 1095 965 1179 Brafficoe
986 1095 1175 1206 botrytios¹
1186 1103 1328 1184 clausos
1343 1132 1439 1210 quo·

511 1199 714 1282 dammodo
737 1199 880 1282 reserat.
937 1203 1108 1309 Frassura
1124 1209 1438 1310 perpendicularis

510 1306 635 1408 plures
655 1303 834 1404 monstrat
852 1307 1019 1398 lamellas'
1027 1332 1182 1403 curvas,
1205 1308 1267 1390 sed
1290 1307 1357 1390 fibi
1378 1322 1437 1393 in·

511 1415 635 1489 vicem
657 1409 843 1514 parallelas
863 1411 901 1490 δι
921 1411 1079 1492 coalitas.
1128 1409 1293 1496 frustula
1313 1425 1438 1497 tenuia

509 1514 671 1620 paullum
684 1513 887 1620 perlucent

522 1739 525 1748 ⁴
585 1721 684 1797 Huc
697 1717 859 1797 'materia
886 1719 1072 1798 ctremtcos
1086 1719 1246 1824 subjesla
1272 1730 1434 1804 examini

510 1823 684 1904 omnibus
705 1821 819 1902 acidls
840 1819 1009 1901 resrllere'
1033 1825 1244 1926 invenitur,
1278 1831 1347 1908 illo
1369 1855 1433 1907 ex-

510 1935 643 2036 tepto‚
660 1926 759 2032 quod
775 1948 796 2004 e
811 1925 991 2006 fluoribus
1004 1930 1237 2008 urineralihus
1248 1933 1335 2010 elici
1349 1951 1434 2035 pot·

397 2093 403 2109 t
509 2031 572 2112 est.
623 2033 706 2110 Sola
727 2037 826 2132 ignis¹
850 2033 1033 2108 violentiae
1058 2035 1343 2125 minimocedit3
1376 2037 1434 2115 ad·

506 2139 588 2219 dito
609 2135 678 2216 sale
702 2132 988 2214 microcosmico
1007 2129 1196 2235 egerrime
1214 2132 1432 2242 parc‘iffime·

382 2297 391 2308 a
490 2264 580 2356 ,que
599 2240 753 2319 solvitur
762 2298 778 2344 ,¹
796 2237 932 2315 borace
942 2251 1069 2316 autem
1078 2236 1284 2342 suscipitur,
1311 2243 1349 2322 &
1369 2245 1432 2323 ad.

506 2348 583 2446 huc
596 2345 728 2424 melius
746 2338 967 2440 alkalifixo‚
994 2342 1094 2442 quod
1113 2343 1200 2421 cum
1215 2347 1429 2426 vehementi

506 2444 784 2529 effervescentia
802 2454 982 2524 anatinam
1001 2455 1284 2548 proportionem
1308 2457 1350 2528 in
1371 2460 1430 2532 vi-

505 2567 605 2632 trum
619 2549 742 2632 stabile
760 2565 973 2630 commutat.
1007 2550 1076 2626 Hae
1097 2559 1341 2652 proprietates
1354 2572 1430 2634 ter-

505 2673 557 2738 ret
580 2651 707 2736 siliceae
734 2663 852 2733 unice
870 2669 1110 2754 competunt,
1145 2652 1206 2731 sed
1233 2661 1431 2758 quomodo

504 2762 586 2841 lraec
610 2785 742 2863 aquam
762 2755 882 2834 subire
902 2751 1044 2856 potuit?
1064 2757 1282 2848 -.Solubilitas
1305 2766 1430 2844 omnis

503 2870 638 2966 partim
661 2863 705 2942 ab
733 2858 1083 2960 inuolaturum,
1117 2870 1248 2965 partim
1273 2891 1295 2942 a
1324 2893 1430 2945 men·
1504 2878 1505 2911 ¹

500 2967 606 3050 struo
620 2965 765 3070 pendet
816 2965 1021 3066 Utriusque
1038 2966 1228 3068 qualitates
1246 2968 1321 3047 huo
1341 2996 1428 3074 per·
1502 3026 1504 3085 p

501 3080 663 3152 tinenres
687 3074 943 3155 examinemus
1008 3065 1204 3171 presertim
1231 3069 1359 3149 salium
1388 3075 1425 3155 ἃ

500 3201 605 3278 aquae
620 3172 795 3278 respettm
820 3177 884 3272 qui
899 3127 1003 3251 casus
1016 3166 1239 3276 propositam
1254 3179 1425 3278 proxime

500 3274 998 3378 elucidabunequaestronem.
1051 3274 1142 3378 Qto
1156 3284 1277 3377 major
1292 3305 1426 3383 aquam

497 3385 655 3465 inter&
677 3380 787 3468 salina
799 3405 962 3480 corpora
983 3383 1086 3480 viget
1105 3381 1332 3464 attraslionis
1353 3391 1424 3483 vis,

498 3493 697 3580 continu
760 3489 937 3565 enerarim
979 3482 1130 3561 uberior
1169 3482 1323 3586 solutio,
1362 3487 1424 3568 sed

498 3617 614 3696 quum
633 3509 801 3670 attegio
823 3585 966 3692 semper
995 3583 1038 3664 srt
1059 3585 1194 3666 sortior
1218 3596 1424 3670 iuratione

495 3693 711 3791 contaetus,
735 3689 1038 3792 hincquoquese
1064 3700 1186 3790 uitur,
1211 3710 1252 3770 ut
1276 3692 1423 3773 duiotu-

422 3807 426 3820 '
495 3805 609 3880 tionis
631 3792 811 3880 successus
825 3793 990 3872 multum
1012 3715 1139 3872 delicat
1159 3794 1319 3874 materiae
1340 3800 1423 3902 pul·

491 3921 632 3987 verare
649 3899 845 3988 subtilitati.
911 3896 1142 3996 Grandiores
1168 3907 1281 4002 igitur
1302 3899 1421 3980 masse

494 4007 594 4092 haud
609 4027 694 4086 raro
710 4001 873 4103 inmitte,
898 4004 960 4079 vel
979 3999 1095 4080 saltim
1120 4001 1312 4083 lenttffime
1334 4031 1421 4084 cor-

493 4109 590 4209 rosaey
599 4113 855 4212 reperiuntur,
874 4111 1049 4209 'quamvis
1062 4104 1275 4185 earumdem
1291 4114 1420 4186 minu·

492 4211 780 4320 tilsunuspulvis
795 4235 926 4349 aquam
937 4207 1259 4339 P‘lfissffsubsaa
1282 4215 1420 4396 &313
