3342 5317
429 736 455 805 a
514 816 516 823 ,
599 718 602 723 ’
678 708 747 802 Dr
777 706 942 831 Analpfi
966 708 1101 801 Ferri.

433 899 606 1020 operatur
618 913 808 1017 multiplex
826 913 1052 1013 differentia,
1071 910 1141 991 'std
1156 917 1266 992 etiam
1278 902 1358 993 suri

431 1044 569 1101 norum
598 1014 755 1119 dispares
783 1016 974 1097 strudburae
1000 1018 1039 1097 bt
1073 1017 1359 1124 magnitudines,

431 1118 765 1219 combustibilium,
803 1127 883 1223 igni
902 1120 1036 1205 alendo
1060 1117 1357 1213 necessariorum,

317 1264 318 1273 Ν
431 1224 576 1305 indoles
602 1227 639 1305 δι
662 1233 789 1328 copia,
813 1223 1046 1326 soliumque
1078 1222 1258 1327 perfodio
1281 1242 1357 1303 ram

431 1354 504 1431 qua
520 1327 682 1408 fluminis
706 1336 804 1406 aerei
826 1330 1114 1415 vehementiam,
1152 1354 1261 1431 quam
1286 1354 1358 1431 qua

432 1430 598 1533 ejusdem
636 1430 880 1511 direilionem
910 1432 948 1511 &
983 1431 1200 1517 ubertatem.
1259 1434 1355 1531 Sola,

431 1532 598 1637 respettu
619 1536 842 1625 carbonum,
881 1542 1030 1613 minere
1052 1542 1181 1637 quavis
1202 1539 1285 1612 vice
1309 1525 1355 1631 sle

433 1640 513 1719 mul
526 1638 684 1740 ingestos,
698 1655 833 1717 mutata
843 1647 1050 1743 proportio,
1064 1640 1187 1741 plures
1201 1655 1356 1738 generat

425 1741 1054 1952 iiiiiiiilltiliitiiiu
1086 1743 1361 1953 usstassais?

431 1970 612 2053 quantum
630 1948 712 2029 saris
736 1951 903 2029 dotatum
931 1946 1102 2055 (sullſsrti,
1134 1952 1245 2053 Iugum
1270 1956 1355 2034 nnt-

432 2056 544 2155 enodi)
568 2056 605 2133 ὃ(
619 2079 669 2130 eo·
687 2050 846 2155 denique
865 2079 973 2157 parce
993 2051 1210 2155 instruslum
1235 2052 1355 2155 (bird-

419 2153 693 2263 ssit,sa‘ttja‘rn).
717 2156 868 2257 Reliqua
883 2158 965 2257 plus
978 2164 1101 2235 minus
1114 2156 1285 2235 notabilia
1297 2153 1354 2235 di·'

430 2259 601 2341 sorimma
613 2256 732 2360 sicco,
746 2276 787 2339 ut
798 2266 913 2361 ajunt,
925 2259 1018 2365 pede
1028 2266 1102 2362 jam
1115 2268 1353 2365 praeterimus.

401 2496 409 2543 ,¹
471 2454 474 2461 ⁴
505 2467 673 2545 Frnruu
691 2463 867 2566 crudum,
881 2484 923 2545 ut
935 2467 1067 2544 malleo
1079 2464 1143 2544 fiat
1160 2463 1372 2568 obediens,

431 2568 556 2651 denuo
577 2566 793 2675 plerumque
810 2578 897 2673 igne
919 2569 972 2648 est
991 2570 1200 2671 cogendum
1219 2579 1354 2674 perite-

364 2762 367 2773 ,
430 2699 504 2776 que
530 2675 780 2774 tradandum,
818 2694 863 2751 ut
893 2682 1054 2754 minimis
1078 2674 1251 2755 sumtibus
1274 2701 1353 2753 ma·

430 2774 530 2855 xima
554 2779 763 2880 adquiratur
783 2784 914 2881 optimi
940 2776 1030 2855 ferri
1061 2774 1135 2855 cust
1161 2784 1350 2874 quantitas.

430 2880 565 2959 Praeter
595 2881 686 2965 ferri
717 2880 820 2960 crudi
844 2883 1027 2979 indolem,
1058 2880 1136 2959 foci
1159 2881 1351 2981 strudnra,

429 2984 635 3063 carbonum
663 2986 808 3065 bonitas
831 2987 869 3063 &
890 2983 1079 3085 mensura,
1123 2982 1229 3063 slatus
1250 2988 1362 3063 inoli·

412 3094 539 3191 ,natio
560 3090 597 3167 δι
628 3086 810 3185 efficacia,
831 3089 914 3165 sont
937 3104 1147 3185 momenta,
1173 3112 1253 3189 quoe
1283 3082 1352 3167 srn·

426 3192 512 3293 gula
525 3193 655 3287 multas
669 3210 865 3295 procreant
883 3186 1138 3299 diversitates,
1150 3188 1210 3270 sed
1224 3217 1363 3293 quam-1

427 3302 486 3374 uis
508 3302 618 3373 etia'm
631 3298 719 3373 'haec
738 3296 867 3377 eadem
889 3318 1141 3397 ponerentur,
1169 3292 1280 3400 ipfius
1302 3314 1350 3375 ra·

320 3490 322 3497 y
427 3424 517 3476 men
549 3406 772 3502 operationis
813 3402 1065 3477 moderamen
1084 3400 1183 3478 haud
1216 3426 1350 3503 paucas

415 3508 605 3603 gigneret.
634 3581 640 3595 ,
661 3504 756 3604 Quae
774 3508 847 3601 jam
867 3502 962 3605 apud
984 3528 1055 3579 nos
1080 3509 1122 3579 in
1144 3510 1271 3606 primis
1291 3512 1369 3581 uir

425 3620 517 3703 gent
528 3606 687 3685 cudendi
708 3605 875 3687 methodi
899 3603 981 3684 sunt
1002 3604 1101 3704 duoe,
1135 3607 1246 3685 altera
1266 3631 1359 3708 qure‘

426 3708 732 3804 Gallica<anlon
748 3714 851 3807 mide)
867 3705 1111 3805 vocarisolet,
1125 3710 1236 3787 altera
1250 3711 1362 3789 Ger-³

425 3820 570 3890 manica
595 3823 609 3911 (
623 3816 659 3893 T
648 3809 841 3921 pffismide).
891 3811 1079 3891 interdum
1094 3832 1218 3891 tamen
1233 3822 1362 3897 muna·

423 3939 572 4018 quoque
588 3916 799 4019 bsurpatur,
823 3941 903 4019 quae
917 3942 939 3996 e
952 3916 1235 4019 precedentium
1248 3938 1348 3999 utra·

264 4022 268 4041 '
424 4042 496 4124 que
516 4022 596 4120 plus
614 4028 738 4101 minus
756 4037 974 4099 mutuatur..
1009 4016 1201 4123 Operandi
1227 4022 1346 4122 modi,

388 4122 561 4223 'quibus
585 4129 731 4203 minora
767 4122 858 4213 ferri
895 4118 1037 4229 Osannd
1070 4122 1221 4204 frustula
1255 4126 1346 4207 olim

225 4174 227 4181 v
272 4332 274 4339 ἲ
418 4222 569 4311 extensa
583 4226 744 4309 suerunt
774 4224 1136 4337 (Obroatis-sirtille),
1166 4252 1345 4323 necnon

1107 4444 1112 4451 .
1266 4357 1345 4417 m·
