3342 5317
307 663 310 666 ’
421 703 1000 820 alumnusalumnus.
1037 806 1041 814 ,
1114 742 1181 832 ,9,

253 905 357 987 tibus
368 928 565 1002 concretu
589 910 650 989 vel
671 905 893 1012 prismaiica,
925 897 1180 1015 flavescentia,
1224 928 1226 934 ’

254 1012 381 1111 badia,
405 1009 523 1110 fusca,
548 1021 655 1115 nigra
672 1013 982 1116 autrufescentia,
996 1017 1181 1123 quaesaepe
1204 1026 1223 1099 J

253 1133 476 1194 coacervata
505 1124 738 1219 reperiuntur
760 1123 799 1194 in
830 1131 1001 1199 cavernis
1026 1124 1186 1203 calcaiei.

252 1213 422 1321 granosi,
455 1221 640 1299 interdum
660 1227 701 1297 in
717 1223 937 1322 argillam,
968 1249 1049 1303 non
1071 1253 1181 1320 num-

254 1349 366 1424 quam
391 1329 432 1400 in
451 1325 615 1406 micaoeo
636 1349 727 1401 mox
748 1324 1008 1428 describendo,
1048 1325 1182 1422 &iro-
1228 1337 1231 1341 ’

254 1433 465 1530 quenterin
478 1427 552 1532 ipsa
570 1431 791 1510 acicularum
814 1427 930 1511 maiia.
1062 1461 1066 1468 ’

333 1611 459 1710 Quoi)
476 1609 534 1686 hae
549 1606 706 1710 crystalli
714 1605 957 1712 Vesuviiigne
968 1607 1104 1703 fuerint
1115 1634 1180 1714 ge-

252 1711 392 1794 'iteratae
409 1731 517 1812 negat
531 1709 742 1794 earumdem
756 1707 990 1814 compositio,
1006 1712 1180 1795 schoerlis

256 1817 475 1916 vulgaribus
492 1840 725 1916 congruam,
756 1839 840 1890 nam
868 1808 1049 1917 siliceum,
1079 1820 1181 1918 argil-

218 1939 224 1952 '
255 1923 400 2000 laneum
415 1923 452 2000 bt
468 1923 668 1998 calcareum
681 1922 897 2014 continent,
921 1937 1051 2022 prater
1064 1927 1184 2023 inqui«

256 2039 473 2104 numenium
496 2025 668 2102 martiale.
732 2022 852 2120 Negat
873 2042 1046 2120 praterea
1072 2026 1182 2102 indo·

256 2131 334 2226 les,
360 2153 446 2204 nam
461 2121 536 2212 fine
557 2125 802 2207 additamento
825 2122 969 2205 fusione
987 2134 1028 2204 in
1047 2124 1181 2208 scorias

157 2287 162 2296 -
259 2233 456 2334 amorpbas
472 2233 618 2308 abeunt.
667 2227 776 2306 Haud
792 2229 1182 2332 rarospathoquoque
1215 2312 1219 2322 ,

255 2339 427 2416 calcareo
444 2336 545 2412 claro
561 2330 644 2412 sunt
656 2335 717 2410 vel
730 2329 890 2410 immissae
904 2337 964 2412 vel
976 2341 1079 2436 juxta
1090 2333 1180 2413 illud

256 2436 399 2546 polita:
424 2436 505 2516 satis
530 2462 623 2514 vero
643 2453 777 2513 notum
797 2428 872 2541 est,
902 2439 978 2516 hoc
999 2440 1074 2513 leni
1093 2446 1181 2536 igne
1264 2473 1267 2478 ·
1296 2500 1302 2520 1

257 2548 478 2646 opacitatem
493 2540 598 2618 facile
611 2539 783 2635 induere,
797 2547 913 2617 immo
926 2549 1036 2620 etiam
1049 2549 1089 2618 in
1104 2548 1182 2620 cal-
1206 2558 1209 2569 ’
1227 2546 1233 2583 ‘
1265 2615 1274 2620 .

258 2673 342 2726 cem
357 2651 638 2743 vitiammutari.
675 2645 813 2721 Verum
829 2644 977 2744 quidem
992 2642 1063 2740 est,
1080 2647 1181 2746 quod

256 2745 425 2854 spathum
445 2763 687 2829 memoratum
708 2747 871 2846 undique
902 2755 1053 2824 materia
1074 2747 1182 2848 (lenia
1232 2770 1261 2810 ··
1330 2736 1338 2770 ’“
1467 2830 1469 2833 ,

258 2852 509 2954 &vaporibus
521 2859 699 2954 impervia
710 2851 1025 2950 inuolutum,neo
1038 2877 1180 2952 aquam,
1372 2847 1386 2881 l

257 2969 332 3038 ned
349 2956 656 3042 acidum-abreum
679 2962 846 3036 amittere
863 2975 996 3056 queat,
1015 2955 1182 3060 adeoque
1271 3000 1278 3018 ·
1304 2980 1308 2991 ¹

257 3069 347 3164 igne
362 3054 407 3136 sat
417 3059 656 3158 immutabile,
669 3058 842 3160 quamdiu
856 3064 896 3135 in
911 3061 988 3138 hoo
1002 3055 1094 3137 statu
1109 3086 1182 3140 ma·
1226 3105 1231 3118 ·

260 3181 350 3262 net,
371 3159 580 3261 sabbatiza,
604 3164 796 3264 quaemihi
819 3159 865 3238 ad
878 3189 1011 3263 manus
1024 3161 1126 3263 sunt,
1141 3171 1196 3245 in·

259 3261 451 3450 supleqicie
463 3267 551 3349 illud
565 3263 771 3352 monstrant
784 3266 822 3343 ὅτ
844 3291 1046 3370 numquam
1066 3264 1187 3362 crusta,
1209 3308 1216 3321 ‚

258 3379 361 3452 ineu
379 3395 452 3453 uni.
514 3413 519 3422 ·
760 3383 763 3392 '

334 3546 388 3640 E)
415 3545 579 3640 illicacta,
605 3547 730 3640 nigra,
762 3541 912 3624 lamellis
933 3547 1189 3644 magnisona·
1300 3617 1307 3637 ,

263 3653 396 3743 tortis,
423 3649 482 3726 vel
495 3644 680 3724 interdum
703 3645 834 3746 planis,
867 3647 1094 3745 hexagonis,
1129 3654 1187 3725 in,

263 3751 432 3828 ordinate
447 3743 570 3850 positis
585 3745 805 3848 constantia,
831 3770 933 3850 quau,
958 3768 1089 3854 praeter
1104 3769 1186 3853 cry4
1234 3807 1237 3812 ·

264 3853 386 3932 stallos
407 3849 655 3933 schoeriaceas
681 3875 801 3951 nuper
825 3870 1067 3952 memoratas,
1105 3879 1187 3933 non

264 3981 466 4058 numquam
494 3963 681 4038 matedam
710 3955 825 4038 albam
848 3954 1044 4058 granosam
1067 3965 1208 4037 contin

265 4080 377 4158 nent,
404 4087 425 4136 e
442 4063 624 4164 particulis
641 4061 811 4140 cal'careis
826 4059 1084 4166 nobilibusque
1104 4086 1191 4165 mo·

264 4170 384 4247 menti
398 4163 432 4248 C
443 4171 566 4246 mixtis
573 4157 864 4270 ,compositam-
1294 4177 1299 4184 '

782 4318 786 4333 .
894 4331 914 4348 ,.
1023 4266 1204 4443 Dm
