3342 5317
495 742 552 867 76
751 736 821 831 Dr
850 725 1015 858 Anulyfi
1039 686 1173 829 Ferri.
1227 731 1231 747 '

506 918 510 929 ’
569 934 628 1017 Ex
654 938 766 1031 allatis
791 941 932 1038 elucet,
956 937 1097 1019 ferrum
1121 933 1279 1017 crutlum
1297 907 1417 1019 tnttxi-¹

494 1070 597 1172 mum
616 1050 806 1150 porrigere
832 1040 1036 1169 residuum,
1075 1047 1113 1123 δι
1138 1042 1285 1144 quidem
1309 1046 1419 1147 phlo-

488 1143 1417 1356 {lllrltlllellitrrjlzlrtttllffll:

490 1356 718 1563 Ιίιιὲηέυἰζὲυω
742 1358 780 1436 &
802 1381 887 1435 non
910 1382 1112 1464 numquam
1136 1353 1217 1433 lere
1242 1353 1336 1433 nihil
1357 1380 1417 1433 re·

564 1562 907 1693 Burrenum-ferri
940 1610 1047 1691 crudi
1079 1610 1322 1718 plumbaginis
1352 1608 1426 1691 ha·'

488 1720 552 1799 bet
572 1718 725 1817 faciem,
746 1714 998 1820 squamosum,
1021 1716 1237 1815 lubricum,
1269 1710 1413 1793 fuscum

434 1820 440 1843 '
488 1826 528 1907 &
550 1830 757 1937 inquinant.
818 1896 821 1902 ,
1515 1821 1516 1826 '

549 1979 651 2055 »Exn
680 2004 764 2071 234.
789 1974 1090 2055 Cruruurrrus
1118 1973 1228 2071 hujus
1245 1971 1413 2077 restrum
1515 2047 1516 2072 ᾗ

485 2084 640 2186 patella,
663 2078 741 2171 ;sub
764 2078 910 2155 fornice
939 2075 1041 2153 furni
1069 2073 1296 2155 docimastlci
1323 2098 1413 2153 carr·

486 2186 597 2285 dens,
634 2191 711 2261 cito
745 2180 891 2261 albescit
916 2182 966 2259 ·&
986 2182 1163 2283 ponderis
1182 2180 1264 2282 plus
1287 2185 1413 2255 minus

401 2304 403 2312 '
465 2372 467 2379 ,
485 2294 638 2387 amittit,
664 2310 866 2387 numquam
881 2282 1003 2361 'tamen
1020 2282 1214 2360 dimidium
1226 2279 1412 2383 superavit

484 2393 634 2496 jactura.
666 2391 745 2491 Qui
762 2388 1024 2491 relinquitis,
1054 2389 1221 2465 examine
1232 2384 1413 2481 instituto,-

483 2494 612 2577 stliceae
625 2508 764 2599 natuttc
787 2498 978 2596 reperitur.

555 2653 644 2727 Exn.
683 2678 766 2745 235·
830 2648 1016 2745 EJusnert
1045 2641 1157 2745 rfidui
1176 2648 1412 2722 centenarius

483 2778 570 2832 curn
585 2760 684 2829 nitro
700 2750 849 2828 detonat
864 2754 901 2829 δι
916 2754 1060 2827 circiter
1074 2747 1302 2849 quintuplum
1318 2771 1412 2849 pon·

445 2864 451 2875 '
484 2858 552 2934 dus
566 2855 737 2943 alkalisat,
762 2854 836 2931 hoc
857 2847 930 2950 est,
954 2849 1136 2929 subtrnilo
1159 2848 1303 2948 siliceo,
1325 2854 1412 2930 reli·

483 2986 597 3060 quum
615 2960 772 3060 decuplo
787 2964 874 3035 nitri
889 2982 984 3059 opus
1006 2955 1134 3052 habet,
1160 2968 1202 3031 ut
1221 2954 1410 3055 phlogillo
1514 2969 1515 3036 Ξ

481 3071 661 3165 privetur.
715 3062 944 3163 Operatione
960 3067 1001 3136 in
1016 3074 1186 3160 apparatu
1200 3070 1411 3161 pneumati·

483 3192 532 3245 co
550 3166 731 3261 institute,
750 3168 864 3243 .acidi
884 3171 982 3243 aerei
1009 3192 1054 3259 50
1083 3167 1230 3241 circiter
1252 3167 1413 3267 pollices
1456 3204 1460 3224 ·

479 3270 601 3349 cubici
615 3270 843 3373 prodierunt
1144 3354 1149 3361 ⁴
1292 3308 1296 3315 ·

556 3424 644 3501 Exr.
683 3436 767 3516 236.
797 3422 1123 3503 nCerrturtlruus
1153 3421 1269 3527 restriui
1306 3421 1411 3506 dimi·

479 3525 560 3608 dius
575 3528 794 3625 decoilione
807 3533 848 3609 in
860 3525 968 3615 acido
989 3530 1184 3605 muriatico
1203 3526 1308 3607 nullo
1326 3553 1409 3607 mo·

477 3630 530 3710 do
550 3628 778 3749 solvelutur‚
806 3656 878 3709 nec
898 3627 1114 3722 mutabatur.

553 3784 642 3864 Exr.
671 3815 756 3879 237.
804 3784 988 3884 EJusnnu
1014 3784 1128 3889 rqfidur'
1158 3790 1409 3881 centenarius,

476 3912 565 3967 cum
584 3891 712 3991 aequali
727 3889 835 3965 calcis
856 3888 988 3966 ferree
1002 3888 1195 3987 pondere,
1221 3896 1262 3965 in
1282 3896 1409 3965 cruci-

477 3991 567 4072 bulo
591 3989 712 4073 clauso
726 4015 793 4093 pet
807 3997 998 4086 reminuta
1010 3995 1106 4089 igni,
1130 3990 1219 4089 folle
1233 3996 1406 4094 incitato,

476 4090 683 4199 expolitus,
710 4094 808 4170 dedit
823 4097 991 4194 regulum
1015 4120 1057 4185 30
1079 4092 1273 4198 librarum,
1299 4094 1405 4199 quod

473 4206 587 4283 etiam
600 4224 687 4313 cum
707 4198 1107 4323 vulgari'plunqbagine
1132 4196 1273 4297 accidit

1135 4372 1143 4387 ·
1275 4352 1404 4430 Htur·
