3342 5317
509 675 601 786 44⁶
657 667 726 764 oe
740 661 1076 761 -Aurauniun
1099 637 1308 762 breuius.

371 910 376 932 ·
488 875 662 957 'struitur
680 872 790 952 alkali
811 868 935 954 addito
965 869 1002 970 ὃς
1034 867 1188 950 salinum
1210 873 1326 973 hepar
1349 895 1441 974 pro·

512 981 576 1058 dit
604 981 703 1057 inter
726 973 831 1052 alkail
859 971 1059 1074 vegetabile
1084 975 1120 1054 bt
1145 967 1325 1052 minerale
1344 1001 1441 1056 non·

510 1085 603 1164 tium
624 1085 699 1162 boc
720 1073 884 1182 respeiiu
902 1073 976 1154 ulla
999 1085 1161 1156 innotuit
1187 1077 1440 1182 discrepantia

511 1179 579 1266 Vis
591 1207 739 1288 quoque
753 1199 860 1262 terre
880 1179 1095 1284 ponderobe
1114 1173 1292 1260 haetenus
1314 1179 1369 1259 est
1382 1191 1441 1259 in·

507 1287 770 1392 determinata,
781 1283 843 1362 sed
857 1283 1095 1388 probabiliter
1109 1281 1216 1364 alkali
1231 1282 1313 1362 fixo
1330 1287 1441 1377 cedit,

512 1421 598 1474 nam
608 1391 888 1488 alkalivolatile‚
902 1385 1197 1488 tameausticum,
1212 1415 1321 1492 quarn
1338 1394 1443 1468 aera·

511 1517 620 1596 tum,
639 1497 752 1598 hepar
767 1494 897 1592 calois,
913 1492 1061 1570 modica
1075 1507 1173 1598 aque
1187 1501 1368 1596 portione
1384 1491 1442 1571 so-

511 1601 649 1698 lutum,
682 1601 890 1676 calcareum
915 1595 1091 1676 deturbat.
1145 1590 1336 1696 Magnesia
1361 1588 1442 1674 alba

511 1731 600 1783 cum
616 1701 770 1782 floribus
783 1697 961 1803 sulphuris
979 1700 1123 1802 &aqua
1141 1697 1316 1779 destillata
1339 1703 1441 1802 lage·

510 1835 571 1888 nte
583 1802 755 1903 inmitti,
770 1803 858 1882 dein
870 1811 910 1880 in
919 1805 1053 1882 balneo
1065 1811 1190 1882 murioe
1205 1804 1326 1906 probe
1340 1807 1440 1882 clau·

509 1912 627 2014 saper
640 1911 779 2010 aliquot
796 1907 907 1986 horas
927 1901 1061 2010 pofita,
1085 1905 1166 2010 poli
1185 1906 1445 2006 refrigeratio-2

509 2039 599 2096 nem
613 2015 769 2090 debilem
785 2011 923 2114 prebet
946 2009 1195 2110 solutionem,
1218 2035 1301 2110 quae
1325 2014 1440 2114 hepar

508 2123 607 2211 olet,
629 2121 667 2198 δι
682 2122 822 2215 argenti
834 2121 955 2192 nitrati
969 2113 1183 2218 plumbique
1198 2123 1334 2198 aeetati
1345 2113 1439 2196 solu·

507 2223 673 2302 tionibus
685 2221 850 2316 turbatur
866 2217 1086 2324 nigrescens.
1271 2225 1275 2234 '

581 2429 725 2506 Harae
741 2425 915 2520 uolatile,
930 2450 978 2505 ex
992 2423 1163 2526 sulphure
1176 2442 1263 2502 cum
1275 2423 1349 2504 sale
1364 2449 1439 2505 amn

506 2539 685 2612 moniaco
698 2533 737 2610 bt
749 2532 849 2608 calce
862 2528 937 2606 usta
952 2527 1192 2608 destillatione
1202 2527 1438 2630 adquisitum,

489 2637 680 2716 ⁴facillime
695 2642 735 2712 in
748 2648 833 2716 atre
846 2633 964 2710 llbero
983 2629 1199 2732 destruitur,
1224 2659 1341 2735 quum
1363 2643 1438 2713 aci·

505 2742 597 2819 dum
610 2751 759 2817 aereum
773 2744 911 2838 magis,
925 2759 1033 2839 quam
1046 2733 1199 2838 sulphur
1212 2741 1374 2815 attrahat
1390 2741 1439 2814 at·

505 2846 582 2922 kall
594 2843 744 2932 uolatile
763 2861 907 2944 purum.
957 2839 1073 2938 Quod
1092 2847 1198 2918 terris
1220 2845 1438 2946 prepolleat

504 2945 719 3043 uocabat,
745 2969 900 3046 enuper
912 2943 1028 3022 allatis
1043 2947 1238 3046 colligitur.
1262 2945 1438 3047 Hydrarae

503 3073 644 3153 gyrum
656 3067 780 3126 tamen
791 3045 1047 3132 &arsenicum
1061 3045 1212 3150 sulphur
1231 3048 1354 3126 eidem
1370 3055 1438 3127 eri·

502 3168 756 3257 pereuntum
783 3150 856 3252 est,
903 3169 990 3228 narn
1022 3150 1141 3228 addita
1166 3153 1247 3234 hec
1272 3156 1435 3252 metalla,

502 3265 615 3334 etiam
630 3258 837 3338 calcinate,
870 3261 932 3332 via
951 3253 1241 3332 mineralisantur
1260 3257 1434 3356 humida,

501 3367 606 3464 prius
618 3359 847 3438 cinnabarim
862 3358 1029 3460 prebens
1044 3359 1081 3436 bc
1094 3357 1275 3460 posterius
1291 3360 1434 3438 arseni·
1495 3411 1496 3452 i

501 3488 590 3542 curn
605 3465 772 3548 rubrum
822 3462 924 3538 Idem
940 3461 986 3538 de
1000 3462 1079 3538 aliis
1094 3464 1250 3542 metallis
1270 3467 1434 3563 calcina·
1495 3459 1496 3504 1

500 3575 551 3647 tis
567 3571 713 3662 valere,
737 3563 925 3667 probabile
945 3563 1006 3641 eli
1056 3565 1159 3644 Hinc
1180 3563 1342 3668 constat,
1358 3569 1434 3646 cal·

500 3695 566 3749 ces
581 3673 816 3749 metallorum
830 3665 994 3772 sulphuri
1003 3665 1104 3772 polle
1112 3678 1227 3768 uniri,
1242 3671 1348 3772 quud
1360 3670 1434 3750 fer·

499 3779 535 3851 ri
554 3775 670 3852 ochra
687 3773 897 3851 luculenter
916 3797 1066 3877 quoque
1090 3772 1127 3850 δι
1152 3773 1292 3852 direue
1318 3801 1434 3854 mon·

498 3873 607 3976 strat,
620 3881 843 3978 quippequae
857 3871 1123 3974 'cumiulphure
1137 3883 1341 3956 commixta
1353 3897 1433 3956 tan·
1494 3875 1495 3894 ¹

498 3978 586 4056 dem
598 3984 793 4058 vitriolum
808 3980 960 4058 exhibet
971 3977 1282 4059 efflorescentem:
1298 3981 1433 4060 hume·

496 4081 611 4162 statio
647 4090 907 4184 operationem
945 4088 1136 4168 accelerat.
1193 4085 1312 4189 Quod
1344 4087 1433 4164 calx

496 4191 694 4270 autiuronii
731 4183 882 4293 sulpbur
918 4184 1104 4304 suscipiat,
1142 4187 1228 4272 alibi
1267 4195 1432 4372 eviatrpasta
