3342 5317
482 609 570 697 402
623 579 694 674 De
713 577 1267 674 Aarauimilasiiiciiivie

559 785 619 880 B)
644 781 733 861 Αόι
751 785 875 862 ‘uitalis
898 788 940 858 in
964 779 1204 883 atmosphera
1295 787 1409 872 oritur

483 912 596 994 parce
610 887 1254 984 immixtua‚÷eircitervolummise
1293 893 1410 984 cient,

483 988 696 1086 milimeg
715 990 908 1092 superans,
944 1006 985 1064 ut
1006 1014 1125 1092 nuper
1148 989 1411 1088 indicavimus,

482 1095 547 1173 hic
569 1110 695 1173 umen
721 1111 801 1170 arte
833 1099 945 1172 variis
969 1093 1090 1172 modis
1121 1100 1294 1172 extricari
1326 1108 1410 1198 pot-

483 1195 547 1276 eit
597 1197 747 1276 Nitrutn
772 1190 909 1274 fusioni
935 1193 1139 1296 expositum
1166 1205 1208 1272 in
1235 1213 1413 1302 apparatu

481 1307 720 1406 pneumatice
743 1324 793 1378 ex
817 1307 928 1378 uncia
953 1311 1084 1396 5·600
1118 1301 1273 1400 pollices
1307 1299 1412 1378 cubi-

482 1429 552 1484 cos
583 1403 732 1483 exhibet
769 1404 1027 1504 vulgarizare
1066 1404 1178 1502 longe
1221 1404 1412 1501 meliores,

482 1503 683 1611 presertim
715 1512 835 1584 initio.
906 1503 1069 1582 Acidum
1103 1511 1191 1583 nitri
1228 1515 1338 1586 terris
1374 1507 1412 1586 δι

480 1616 593 1690 variis
616 1610 771 1690 metallis
795 1604 981 1705 adfusum,
1004 1607 1246 1703 ⁸abstradlione
1271 1609 1316 1687 ad
1344 1607 1412 1688 fic-

480 1737 572 1794 cum
595 1713 708 1810 latia,
739 1711 822 1815 post
853 1725 974 1790 alitem
1007 1709 1186 1790 nitrosum
1228 1709 1278 1809 (fi
1302 1715 1412 1816 phlo-

480 1815 564 1918 gilli
589 1817 789 1920 quidquam
815 1812 948 1913 adest),
974 1825 1066 1896 airis
1090 1817 1210 1896 vitalis
1231 1819 1314 1920 plue
1338 1827 1412 1894 mi-

480 1947 554 2000 nus
577 1930 769 2026 porrigere
785 1914 887 2003 solea
937 1921 1092 1999 Vitriola
1123 1945 1274 2022 quoque
1304 1919 1411 2019 ferri,

480 2032 586 2127 cupri
617 2027 656 2106 bt
688 2029 809 2119 zinci,
840 2029 1025 2124 variaeque
1063 2041 1167 2100 terrae
1202 2027 1411 2122 vitrioiatoe,

479 2133 600 2206 immo
637 2129 726 2230 lapis
758 2125 1015 2222 calummaris,
1060 2122 1245 2226 magnesia
1290 2135 1411 2230 nigra,

479 2255 555 2311 nec
575 2253 655 2310 non
676 2230 798 2310 calces
829 2228 1007 2308 nobilium
1040 2231 1277 2308 metallorum
1316 2259 1411 2334 prae·

479 2342 693 2437 cipitatione
725 2328 932 2433 adquisito,
969 2332 1110 2414 idoneo
1150 2340 1248 2436 ignis
1277 2335 1410 2436 gradui

480 2433 677 2541 expositae,
701 2443 917 2538 portionem
944 2443 1037 2516 airis
1062 2439 1181 2522 vitalis
1205 2435 1270 2514 sub
1298 2439 1409 2516 redu-

477 2541 606 2625 &ione
619 2555 806 2642 promunt
835 2540 939 2618 Hinc
956 2545 1038 2638 jure
1053 2539 1289 2620 concluditur
1303 2544 1408 2620 huno

476 2653 599 2722 acrem
618 2640 697 2721 sine
719 2641 828 2720 acido
848 2649 936 2720 nitri
955 2641 1116 2720 obtineri
1141 2644 1293 2744 quidem
1320 2673 1407 2748 poe-

474 2744 534 2840 se,
571 2751 651 2845 ejus
672 2761 795 2822 autem
814 2747 953 2824 auxilio
976 2747 1089 2849 longe
1114 2752 1295 2846 majorem
1316 2775 1409 2852 pro-¹

376 2885 379 2890 ·
475 2849 555 2928 dire
568 2855 827 2951 quantitatem,
848 2847 942 2926 adeo
956 2871 998 2926 ut
1017 2859 1081 2926 vix
1102 2847 1259 2929 dubitari
1280 2869 1407 2952 queat,

409 2947 414 2958 ’
475 2958 568 3056 quin
594 2970 659 3030 aut
686 2976 907 3052 compagem
939 2951 1053 3051 acidi,
1095 2949 1207 3031 instat
1234 2963 1409 3058 principii

475 3064 610 3153 intret,
640 3052 707 3132 aut
728 3055 806 3132 hoc
827 3056 934 3133 illius.
983 3058 1021 3130 Si
1050 3064 1171 3158 prius,
1202 3057 1405 3160 quidquam

476 3156 530 3236 est
554 3157 846 3256 removendum,
873 3155 975 3258 quod
999 3168 1073 3236 aeri
1092 3162 1195 3242 vitali
1220 3158 1315 3260 justa
1339 3153 1406 3240 do·¹

472 3258 503 3340 st
527 3270 662 3342 iterum
694 3259 916 3358 adunatum,
957 3283 1091 3362 praetcr
1121 3264 1207 3342 alias
1231 3273 1407 3367 proprie-¹

472 3383 585 3465 tates,
620 3364 773 3443 fortem⁴
796 3387 993 3467 procreare
1036 3364 1145 3446 debet
1184 3367 1406 3448 aciditatem.

471 3469 678 3570 cujusnam
718 3468 797 3546 hoc
833 3463 878 3556 sit
904 3484 1040 3546 naturae
1072 3474 1284 3554 inuratur:
1335 3471 1405 3548 sal-

470 3578 538 3650 tinr
560 3582 620 3649 air
641 3567 798 3650 nitrosus
818 3569 916 3648 solus
929 3595 1009 3650 non
1028 3568 1067 3646 su
1107 3578 1178 3672 cit,
1200 3567 1268 3650 nisa
1289 3576 1405 3678 phlof

470 3673 553 3776 gilli
578 3679 766 3775 rejiciatur
795 3671 1003 3772 existentia,
1034 3673 1135 3776 quod
1167 3693 1293 3756 tamen
1318 3687 1406 3780 evis

289 3847 293 3856 .
338 3789 344 3798 '
469 3777 593 3856 dentia
632 3785 884 3879 experimenta
925 3799 1006 3858 nou
1036 3784 1276 3880 permittunt:
1327 3808 1408 3860 neo

469 3877 729 3984 phlogisticum
749 3877 820 3958 effe
840 3877 1007 3980 videtur,
1041 3905 1117 3982 quo
1150 3883 1236 3961 alias
1270 3891 1402 3964 omnia

467 3982 701 4062 debilitantur
720 3984 842 4080 acida,
875 3989 992 4062 immo
1015 3979 1212 4066 saturando
1234 3991 1401 4066 omnino

465 4081 565 4192 quasi
579 4088 749 4192 ligantur.
788 4083 996 4188 Membriile
1010 4102 1135 4174 tamen
1148 4094 1276 4194 juvat,
1292 4091 1399 4216 quod

617 4221 626 4273 ·,
769 4239 775 4256 ‚
820 4243 831 4280 ,·
1346 4219 1394 4276 tn
