3342 5317
478 710 547 806 Dr
574 705 795 844 Produlli's
834 709 886 807 V
879 707 1053 854 oleariis·
1146 719 1224 858 ²⁶3.
1357 690 1395 719 μ’

371 912 488 1020 Qum
503 909 649 1000 acidum
663 906 750 990 adlit
763 923 912 996 aereum
932 921 974 996 in
996 910 1095 995 hisce
1119 908 1217 994 ther·

292 1021 388 1114 mis,
414 1041 513 1118 que,
539 1015 625 1094 dum
646 1043 666 1094 e
687 1033 783 1093 terra
808 1033 1026 1120 erumpunt,
1052 1019 1218 1100 calorem

292 1119 375 1200 fere
401 1131 446 1202 60
466 1118 646 1221 graduum
669 1116 871 1224 poffident,
909 1121 1050 1197 nullum
1076 1117 1128 1196 est
1152 1119 1217 1195 do.

293 1223 419 1322 bium,
448 1229 586 1300 etenim
605 1249 686 1306 non
709 1240 849 1304 rantum
868 1231 908 1302 in
930 1220 1079 1325 singulis
1099 1221 1213 1301 fonti·

292 1327 384 1425 bus,
417 1327 618 1410 &laricem
656 1327 810 1405 &aurae
831 1328 1041 1428 ambientes
1054 1333 1215 1430 genuina
1260 1373 1264 1382 ·
1337 1319 1340 1326 ’

292 1437 460 1525 criteria,
495 1427 641 1533 sapore,
679 1456 773 1532 aqua
799 1431 928 1529 caleis,
974 1433 1214 1533 heliotropiO,

291 1533 556 1631 suffocatione,
606 1543 810 1636 ceterisque
845 1534 1047 1636 detegenda
1078 1533 1214 1637 modis,
1332 1545 1337 1553 '

292 1638 496 1732 exhibent,
528 1635 717 1720 sedetiam
735 1643 775 1714 in
796 1651 873 1716 tota
895 1639 966 1718 late
985 1653 1133 1744 parente
1157 1643 1216 1717 vi·

293 1749 391 1826 cinia
421 1740 585 1844 pluribus
615 1740 706 1824 locis
738 1743 926 1844 mephitici
950 1760 1122 1821 emanant
1153 1766 1215 1818 va·

293 1872 426 1950 potes,
453 1852 538 1945 qui,
563 1842 628 1920 ubi
642 1869 750 1944 aquas
763 1861 958 1948 penetrant
981 1851 1228 1951 meteoricae,¹

295 1956 337 2028 in
360 1947 578 2034 caritatibus
601 1949 791 2046 colledias,
822 1947 969 2032 easdem
990 1945 1217 2026 acidularum
1278 2038 1283 2050 1
1325 1961 1330 1988 '

293 2071 400 2162 grato
416 2052 543 2157 sapore
558 2047 739 2135 inficiunt.
787 2052 986 2150 Praererea,
1008 2048 1034 2132 si
1052 2076 1144 2155 aqua
1154 2063 1217 2128 ad·

295 2173 373 2234 rata
392 2153 529 2258 frigida¹
548 2160 588 2236 in
609 2153 692 2234 vase
713 2176 839 2257 aperto
867 2156 993 2238 subtile
1015 2155 1119 2235 suum
1140 2161 1215 2237 aci,

294 2261 385 2339 dum
398 2266 474 2339 cito
489 2264 637 2355 amittit,
661 2259 738 2335 hoc
755 2285 835 2338 non
856 2259 974 2362 potest
996 2285 1076 2336 non
1099 2260 1214 2358 longe

294 2371 402 2442 ocius
421 2367 573 2440 evenire
594 2361 744 2439 fervide
764 2363 951 2461 thermali,
980 2388 1069 2463 -quae
1089 2371 1214 2459 etiam,

293 2465 386 2548 telle
408 2472 652 2572 experientia,
683 2464 757 2544 sola
779 2464 1059 2570 refrigeratione
1077 2471 1216 2567 princi·

291 2572 365 2682 pali
380 2576 516 2646 virtute
530 2565 739 2647 &efficacia
752 2567 936 2671 spoliatur.
985 2571 1104 2646 Acidi'
1116 2575 1215 2650 aerei

292 2676 490 2753 volatilitas
511 2667 644 2771 insigni
666 2673 789 2749 calore
809 2673 914 2752 valde
935 2673 1123 2773 increscit,
1160 2698 1216 2749 ar-

295 2776 457 2858 diffinis
469 2782 581 2876 igitur
594 2774 755 2853 claustris
775 2775 977 2879 opurfuit,
1001 2795 1044 2854 ut
1063 2783 1102 2854 in
1120 2783 1216 2854 con'-

294 2882 412 2961 nubio
431 2905 536 2980 aquae
547 2895 800 2982 permaneret
838 2881 960 2979 Hujus
978 2878 1154 2958 menstrui
1173 2887 1215 2959 in

293 2999 380 3063 aere
407 2985 520 3061 velox
544 2984 660 3062 abitus
690 2979 794 3059 limol
823 2984 1025 3061 martialem
1056 2985 1214 3062 calcare.

295 3113 428 3190 amque
453 3103 567 3166 terras
586 3085 774 3164 dereiillas
795 3087 983 3184 deturbat,
1008 3089 1050 3166 ae·
1065 3088 1215 3189 quidem

295 3185 482 3293 copiosius
504 3189 770 3291 ferruginolam
799 3189 851 3267 ob
869 3190 1085 3267 debiliorem
1105 3208 1215 3268 attra-

294 3297 470 3377 dlionem.
518 3296 642 3394 ltaque
656 3291 783 3370 crustae
798 3293 960 3393 quotidie
978 3301 1127 3395 genitae,
1154 3318 1217 3391 eo,

294 3407 429 3480 ceteris
453 3397 622 3498 paribus,
660 3396 750 3474 ferri
781 3395 932 3478 ditiores
961 3398 998 3474 dt
1026 3396 1216 3474 laturarios
1262 3423 1267 3432 ·

295 3503 411 3582 badio
437 3499 538 3597 sunt,
576 3525 651 3603 quo
672 3498 884 3596 scaturigini
916 3507 1067 3602 propios
1100 3498 1216 3600 depo-

295 3604 378 3689 sitoe.
427 3603 617 3683 Pisolithos
636 3600 754 3697 sicco,
793 3620 836 3679 ut
855 3607 979 3700 ajunt,
1012 3601 1104 3704 pede
1126 3627 1215 3704 pree·

294 3725 423 3808 tereo,
467 3733 581 3810 quum
613 3703 829 3790 eorumdem
864 3700 1006 3806 genelis
1036 3705 1217 3784 adodum

296 3807 631 3916 explicatiseaufis,
656 3807 879 3912 dependeat,
903 3825 942 3885 at
962 3834 1035 3909 qua
1054 3807 1216 3887 formam

295 3915 592 4002 amochanifmo
615 3915 664 3992 ab
694 3916 772 3994 allis
801 3929 908 4000 aritae
927 3909 1084 4008 feliciter
1111 3920 1219 3992 inve·

297 4019 495 4124 stigatoyi
763 4109 796 4196 R
822 4147 844 4213 4
932 4085 940 4092 .
1178 4118 1228 4203 Iu
1255 4087 1259 4092 ,

340 4259 377 4341 y)
392 4247 480 4320 conf.
509 4251 547 4366 li.
567 4251 727 4344 decenni
744 4247 901 4322 totarum
921 4253 1019 4344 Onna
