3342 5317
524 723 607 822 428
690 701 759 798 De
776 695 1100 798 Ateraiiianibes
1123 697 1340 799 Enfflvis.

527 900 794 988 crementum?
817 901 1236 1000 consulamusjtabunm
1249 905 1298 984 ad
1315 907 1445 986 calcem

521 1015 634 1113 hujus
656 1015 836 1089 momenti
862 1009 899 1086 &
925 1013 1149 1108 reperiemus
1171 1010 1317 1088 calores
1339 1008 1445 1112 speci·

522 1112 617 1196 ficos
636 1113 814 1214 sulphuris
841 1113 879 1188 &
908 1111 1012 1188 acidi·
1024 1112 1198 1190 vitrioiici
1217 1123 1445 1194 concentrari

523 1215 841 1315 utic-‚183ado3
867 1235 946 1312 758,
977 1215 1052 1292 hoc
1074 1213 1345 1310 est,·circiter
1374 1241 1445 1298 utr

522 1324 569 1402 ad
582 1351 617 1416 ’4.
666 1321 704 1396 Si
728 1336 864 1396 autem·
877 1317 1158 1419 perpendimus,
1182 1321 1353 1398 calorem
1378 1321 1443 1425 spe·

511 1424 674 1507 ‘cificum
704 1423 799 1500 acidi
835 1424 1010 1500 vitrioiici
1040 1422 1203 1500 crescere
1238 1449 1331 1502 cum
1362 1452 1445 1528 aqua

521 1533 747 1624 inherente,
772 1524 987 1626 nostrasque
1014 1523 1203 1602 consuetas
1227 1550 1444 1610 concontra-

520 1643 644 1715 tiones
668 1656 771 1734 aquo
795 1626 986 1732 superflue
1011 1627 1094 1708 satis
1121 1629 1330 1710 notabilem
1348 1715 1351 1722 ,
1364 1659 1444 1736 por·

522 1745 663 1816 tionem
700 1737 927 1835 relinquere,
967 1735 1061 1810 acidi
1099 1735 1298 1833 vitrioiici,
1349 1745 1444 1816 omni

521 1840 663 1944 spoliati
685 1863 777 1938 aqua
808 1843 1022 1940 peregrina,
1053 1839 1215 1914 calorem
1236 1837 1443 1938 specificum

521 1951 563 2022 in
588 1951 730 2022 ratione
748 1940 857 2045 supra
880 1959 1082 2020 memorata
1112 1941 1162 2018 ad.
1175 1969 1227 2042 3‚·
1252 1943 1293 2020 ἃ
1317 1947 1444 2046 proba·

521 2045 784 2126 biliter-adhuc
807 2053 923 2145 magis
946 2050 1030 2143 jure
1052 2043 1206 2146 deprimi
1233 2046 1364 2148 polle,
1398 2050 1443 2128 la·

520 2158 591 2231 teri
612 2166 772 2252 oportet.
820 2148 902 2238 Jam
926 2173 1019 2228 vero
1052 2149 1097 2224 D.
1129 2149 1368 2230 anorsmn
1396 2163 1444 2231 in·

522 2239 712 2334 crementa
742 2253 931 2331 acidorum
959 2249 1187 2330 residuorum
1227 2257 1365 2336 exadle
1394 2283 1443 2335 re·

520 2354 701 2463 spondiile
712 2373 876 2436 autumat
886 2357 1043 2457 ponderi
1052 2365 1144 2437 aeris
1157 2361 1277 2436 vitalis
1292 2360 1446 2464 subope-

521 2471 666 2554 ratione
682 2460 818 2558 ablati,
844 2460 939 2538 adeo
961 2480 1001 2537 ut
1021 2463 1122 2538 hunc
1145 2463 1210 2538 illo
1235 2462 1445 2567 absorptum

519 2565 625 2646 fuilie
658 2572 741 2664 jure
765 2562 905 2643 statuat.
964 2565 1093 2664 Qrum
1125 2567 1225 2642 calor
1254 2565 1445 2668 specificus

519 2668 723 2776 phosphori
745 2667 913 2747 nondum
929 2664 972 2742 sit
996 2671 1280 2768 determinatus,
1295 2667 1446 2751 similem
1480 2739 1481 2742 a

519 2773 782 2853 dedudiionem
822 2769 1011 2851 instituere
1035 2797 1117 2848 non
1154 2771 1249 2856 licet,
1302 2777 1445 2856 Interea

518 2878 600 2956 hoec
624 2881 897 2977 experimenta,
922 2877 1101 2974 iniungo
1126 2875 1236 2952 alium
1252 2873 1376 2956 finem
1393 2889 1443 2958 in·

518 2977 662 3074 stituta,
700 2975 896 3079 hypothesi
930 2979 1151 3058 Scheelianae
1183 2980 1281 3058 haud
1315 3009 1444 3084 parum
1479 2993 1480 3006 ¹

518 3081 647 3161 lavere
668 3081 852 3164 videntur.
918 3081 1081 3160 Acidum
1107 3109 1265 3184 namque
1290 3091 1445 3167 vitrioii-

517 3211 607 3266 cum
625 3183 813 3287 sulphuris
830 3185 1089 3266 combustione
1116 3187 1314 3284 cudendo,
1349 3193 1443 3268 illius

516 3292 622 3370 calor
635 3286 965 3392 specificusnugeri
981 3289 1272 3393 debet-respedlu
1295 3292 1444 3398 sulphu-

518 3403 570 3473 ris
590 3401 632 3470 in
651 3400 796 3479 ratione
817 3399 965 3478 circiter
984 3415 1002 3489 3
1020 3395 1064 3472 ad
1078 3419 1112 3472 1:
1145 3395 1216 3472 tale
1237 3404 1444 3476 incremen

515 3514 603 3578 tum·
612 3495 841 3598 experiendo
856 3503 1054 3597 reperitur:
1086 3494 1190 3574 sunul
1204 3503 1444 3600 equaleaeris

515 3603 638 3681 uitalis
671 3601 817 3703 pondus
847 3597 1067 3680 deiideratur
1107 3602 1145 3682 δι
1183 3604 1357 3682 celeriter
1388 3607 1443 3682 ao

515 3703 685 3784 sorbetur
715 3729 790 3784 una
827 3727 917 3782 cum
954 3705 1028 3782 issa:
1051 3704 1220 3807 phlogilli
1253 3716 1443 3810 portione,

513 3833 597 3910 qun
610 3807 677 3884 sub
691 3807 948 3886 combustione
969 3821 1095 3886 aerem
1110 3810 1333 3890 vitrioiicum
1359 3815 1443 3890 alias

516 3935 697 4014 generare
721 3910 831 4007 solet,
855 3937 942 3990 nam
966 3919 1165 3992 inventum
1186 3915 1336 3994 acidum
1365 3919 1444 3994 nul·

514 4017 555 4094 io
576 4015 756 4114 gaudebat
778 4015 915 4096 odore:
949 4011 1075 4098 finum
1105 4018 1349 4120 phaenomena
1383 4042 1443 4096 oc·

514 4137 673 4218 currunt
702 4126 744 4196 in
776 4117 1033 4196 comburendo
1065 4121 1310 4224 pyrophoro,
1345 4149 1369 4199 a
1397 4124 1441 4196 D.

518 4219 755 4308 laevorsum
770 4221 1077 4332 etiamindagatar
1095 4248 1224 4310 noune
1239 4228 1442 4333 ipjmrheic

1330 4346 1440 4412 maie·
