3342 5317
406 715 501 815 ‘Da
526 711 746 820 Produli‘is
778 667 1030 815 Vulcdnll'sf·
1108 715 1179 839 271
1330 693 1337 705 ,
1408 708 1411 717 ²

255 917 339 1004 fere
361 928 416 1001 uti
435 923 567 1004 calx&
586 922 734 1014 'tandem
759 922 922 1004 solvitur.
992 923 1091 1006 Cum
1110 926 1182 1006 sale
1303 911 1308 925 ’

254 1025 542 1110 microcosmico
571 1035 679 1112 etlam
700 1022 910 1110 effervescit
938 1034 1069 1129 initio,
1118 1023 1182 1110 sed

254 1129 347 1235 dein
370 1131 527 1230 tardius,
563 1149 599 1210 at
627 1133 758 1210 ultimo
787 1132 948 1234 perfene
980 1131 1181 1214 evanescit:

254 1237 428 1338 globulus
448 1242 564 1312 nimio
588 1254 759 1314 oneratus
782 1235 891 1318 semel
923 1239 1082 1316 caeruleo
1108 1247 1182 1315 tin·

257 1341 339 1419 ilus
355 1337 442 1436 fuit,
459 1347 512 1416 uti
526 1341 632 1416 antea
644 1346 849 1424 memoravi
865 1337 924 1442 (§.
945 1343 998 1438 X,
1010 1344 1085 1438 D).
1105 1344 1182 1418 Ha-

254 1440 355 1522 bitus
368 1450 441 1545 jam
456 1441 654 1546 descriptus
671 1441 751 1530 satis
763 1439 919 1544 indicat3
929 1520 932 1527 ,
943 1447 1042 1523 hanc
1063 1449 1184 1522 mine·

258 1556 340 1626 'ram
362 1545 527 1626 constare
547 1549 673 1644 argilla
692 1547 885 1631 indurata·
907 1543 1033 1629 siliceo
1053 1574 1183 1652 parum
1201 1566 1207 1597 ¹
1323 1553 1327 1567 '

260 1649 530 1746 contaminata,
554 1658 616 1726 cui
630 1651 1184 1756 inhaeretpauxlllumaluminis‚

258 1751 353 1834 adeo
367 1773 490 1832 tamen
508 1752 606 1837 arole
626 1752 706 1833 allis
726 1756 914 1858 particulis
936 1759 1117 1855 involuti,
1142 1773 1186 1834 ut

258 1864 363 1960 prius
381 1881 472 1964 aqua
492 1851 633 1935 exlrahi
650 1876 828 1962 nequeat,
853 1882 964 1962 quam
979 1867 1067 1960 igne
1081 1860 1184 1961 paul·

258 1966 335 2038 lum
348 1968 583 2059 intumuerit,
599 1961 748 2063 &aquae
764 1957 952 2040 adfusrone
967 1963 1185 2040 effloruerit.
1206 2040 1209 2044 ,
1241 2011 1246 2016 -
1370 1984 1373 1991 ’

258 2067 402 2164 Notum
415 2062 487 2163 est,
501 2064 603 2162 quod
611 2064 908 2146 alumenustione
924 2063 1027 2147 abeat
1038 2065 1187 2160 inmas-

258 2168 335 2246 sam
349 2165 598 2271 spongiosam,
622 2172 659 2248 aa
672 2171 751 2246 haec
765 2189 839 2248 tam
854 2177 892 2247 in
905 2168 1059 2266 borace,
1072 2191 1188 2270 quam

258 2271 329 2350 sale
347 2270 649 2368 microcolnrico,
669 2281 719 2350 ita
732 2271 1013 2351 effervescitsub
1026 2267 1184 2372 fusione,
1253 2316 1271 2332 ··

259 2395 302 2454 ut
316 2378 455 2454 calcem
469 2375 548 2457 fere
560 2385 775 2488 mentiatur,
789 2383 869 2478 ejus
881 2377 967 2456 licet
983 2378 1076 2458 nihil
1090 2402 1190 2462 con·-

260 2487 386 2561 onear.
542 2496 545 2504 '
751 2481 765 2496 ”

273 2677 277 2688 ·
335 2635 516 2714 Manain
534 2629 724 2715 Tollenfis
737 2636 1195 2740 pulverataementenariua.

260 2735 326 2816 sub
338 2737 591 2818 fornieefurni
599 2739 822 2818 docimastici
835 2739 1187 2826 vehementerustua

259 2839 409 2947 sulphur
421 2841 622 2944 spiravit&
644 2871 684 2936 43
707 2851 855 2924 circiter
877 2845 1049 2947 ponderis
1075 2846 1187 2924 libras

261 2943 387 3026 amarit.
439 2944 601 3024 Refiduae
623 2977 660 3042 57
684 2949 924 3028 continebant
941 2960 985 3048 35
1003 2950 1188 3049 argillacai

262 3054 301 3130 lit
315 3081 357 3130 aa
373 3045 493 3128 filicei.
544 3051 659 3150 and
674 3054 844 3150 volatile,
866 3059 952 3153 igne
967 3049 1186 3156 diffipatum,

261 3149 306 3231 sat
320 3180 450 3233 verum
465 3151 614 3255 sulphur
629 3157 676 3237 D.
690 3159 884 3234 *Monam
899 3156 1045 3236 detexit
1095 3157 1188 3241 Haeo

262 3265 386 3361 itaque
400 3259 541 3338 minero
554 3260 721 3338 aluminis
738 3284 785 3337 eo
797 3261 919 3338 differt
929 3285 952 3336 a
964 3259 1188 3362 vulgaribus,

264 3365 365 3464 quod
379 3363 464 3440 heic
476 3359 626 3464 sulphur
638 3358 721 3438 infit
740 3362 899 3460 nudum,
921 3370 962 3439 in
976 3364 1045 3440 illis
1065 3380 1189 3442 autem

265 3491 352 3544 cum
367 3461 468 3546 forro
483 3464 745 3566 eonjunoum,
777 3467 853 3544 hoc
873 3465 926 3543 est
944 3473 1189 3571 pyritaceum,

264 3585 302 3649 at
314 3578 355 3648 in
375 3587 535 3669 utroque
555 3567 637 3646 calu
650 3577 736 3672 igne
755 3569 896 3648 idoneo
916 3569 1191 3672 decomponen·

266 3675 375 3760 dum,
407 3673 500 3750 adeo
520 3689 563 3750 ut
591 3675 738 3752 acidum
759 3673 919 3774 argillam
943 3674 1193 3777 adgrediendo

266 3779 415 3856 alumen
432 3775 579 3857 formet.
630 3779 730 3855 Hinc
742 3785 853 3858 etiam
865 3779 997 3877 elucet,
1011 3801 1080 3856 cur
1093 3778 1193 3856 Tol-

264 3877 379 3960 sensas
393 3882 539 3960 alumen
551 3889 715 3982 porrigat
736 3878 811 3960 sine
828 3885 1005 3962 'immixto
1028 3885 1194 3983 vitrinlo,

267 3985 368 4086 quod
382 3993 530 4064 minerae
541 3987 708 4085 vulgares
721 3983 1077 4087 semperimmiscent.
1104 3988 1195 4064 Alu-

267 4096 380 4182 minis
403 4090 551 4190 quidam
575 4090 732 4167 Romani
758 4091 873 4167 rubor
902 4089 1005 4170 ferro
1025 4090 1194 4187 debetur,

266 4191 384 4273 sedin
398 4195 576 4298 peculiari
589 4192 679 4277 statu
688 4195 774 4290 heio
784 4195 1010 4325 motallicum
1021 4203 1195 4280 oocuria

290 4353 296 4366 ’
1061 4344 1195 4440 lirant
