3342 5317
395 730 818 853 Hammonium
838 735 1046 836 Elimiam.
1121 771 1181 870 313

253 942 428 1051 poliunt,
463 939 555 1050 quin
597 945 800 1038 solutiones
838 945 960 1028 tinffae
998 969 1181 1034 maneant.
1308 967 1310 972 ’

255 1051 436 1149 Zincum,
474 1074 649 1154 cuprum,
684 1067 897 1154 argentum,
936 1057 1124 1134 niccolum
1143 1061 1209 1138 δι,

254 1153 446 1232 eobaltum
459 1157 562 1232 aliali
575 1158 717 1235 volatili
730 1154 915 1258 superfluo
930 1159 1072 1238 nullom
1088 1183 1180 1264 pnes
1277 1214 1280 1232 ι

256 1259 349 1336 bene
380 1267 667 1364 praecipitatum,
708 1255 776 1338 nili
803 1261 1061 1369 heterogenen
1086 1283 1180 1348 cone
1216 1278 1224 1296 '

254 1370 438 1442 inminuta.
723 1401 729 1416 ,
922 1399 925 1406 ·

332 1515 411 1594 Est
436 1520 474 1598 δι
493 1517 590 1597 aliud
608 1517 933 1621 impedlmentum,
991 1521 1068 1601 uod
1087 1521 1181 1629 seepe'

254 1619 595 1728 decomposttiones
614 1624 716 1701 celat.
767 1624 935 1722 Scilicet,
964 1546 991 1701 st
1010 1637 1182 1712 materies

253 1721 341 1805 sede
361 1725 506 1807 extrusa
534 1752 674 1806 novam
703 1715 835 1814 solvat!
849 1725 1180 1834 combinationem,

254 1831 319 1909 vel
354 1831 470 1919 saltim
496 1857 578 1910 non
604 1831 779 1934 impediat
813 1856 946 1934 aquam
976 1830 1179 1918 solutionis.

254 1933 352 2016 Hoe,
365 1961 454 2014 cum
473 1935 586 2013 acidis
597 1931 842 2036 nitriotsalis,
867 1936 946 2014 aliis
960 1933 1179 2022 fortioribus
1248 1995 1252 2010 t

256 2035 438 2142 expulsis,
473 2039 573 2118 haud
594 2064 679 2117 rato
700 2041 824 2117 locum
845 2037 964 2122 habet.
1019 2043 1072 2120 lta
1092 2071 1122 2122 e.
1142 2070 1183 2146 g.

254 2143 404 2244 acidum
442 2144 582 2221 vittioli
608 2151 755 2226 marino
783 2141 932 2245 quidem
959 2143 1180 2248 magnellam

255 2253 388 2352 eripit,
429 2244 490 2326 sed
507 2246 646 2345 modo,
676 2246 778 2350 quod
803 2271 955 2326 omnem
981 2252 1180 2330 oculorum

256 2351 391 2452 effugit
409 2357 551 2458 aciem,
575 2355 680 2428 'nam
699 2348 848 2430 acidum
870 2345 950 2430 salis
971 2351 1188 2454 liberatum,

255 2481 390 2556 aquam
418 2453 613 2534 solutionis
641 2481 801 2552 acuens,
840 2479 932 2537 mox
958 2481 1018 2532 ma·
1043 2453 1182 2550 nestum

255 2559 480 2638 vitriolatam
503 2555 668 2661 suscipit,
691 2582 773 2660 quoe
792 2558 957 2663 alioquin
979 2585 999 2638 a
1025 2561 1182 2644 modum

255 2659 364 2742 sacile
384 2661 560 2763 solvitur,
598 2663 766 2765 adeoque
784 2663 885 2742 nulla
910 2666 1074 2762 ejusdem
1097 2691 1180 2770 pto·

256 2762 375 2868 deunt
398 2762 518 2870 signa,
560 2783 755 2868 antequam
778 2763 976 2870 spontanea
990 2794 1181 2872 evaporat·
1338 2774 1345 2801 ‘

205 2935 213 2946 .
236 2877 363 2970 ,tione
376 2895 424 2948 eo
443 2895 560 2972 usque
577 2867 691 2948 suerit
705 2861 927 2950 diminutum
941 2869 1184 2964 menstruum,

255 2992 299 3052 ut
313 2981 420 3054 omni
432 2967 613 3054 solvendo
630 2973 699 3077 *fiat
712 2982 842 3076 im'par.
892 2975 935 3052 In
950 2974 1183 3078 sequentibus

253 3083 363 3183 plura
384 3095 589 3157 occurrunt
611 3079 724 3178 hujus
746 3083 894 3180 generis
914 3074 1102 3183 exempla,
1143 3081 1183 3162 δι
1225 3101 1230 3110 “

255 3179 364 3261 simul
382 3181 564 3280 docetur,
601 3183 795 3285 quomodo
820 3182 913 3262 huin
931 3181 1120 3264 obstaculo
1139 3179 1183 3288 ste

252 3286 405 3376 obviam
419 3283 596 3397 eundum,
1180 3293 1183 3301 '

333 3441 427 3516 Huc
448 3444 558 3517 etiam
583 3435 862 3539 quodammodo
881 3442 1070 3541 pertinent
1090 3463 1183 3544 prae-

255 3550 494 3648 cipitttiottes
511 3565 559 3619 ex
577 3540 751 3620 subdusla
765 3539 957 3653 solutlopii
976 3561 1089 3644 aqua,
1120 3543 1184 3620 ad·

256 3650 334 3726 dita
356 3654 529 3747 materia,
552 3668 634 3747 quae
654 3645 970 3725 combinationem
994 3645 1187 3750 pristinam*

254 3771 338 3833 noti
360 3768 502 3852 mutat,
539 3772 673 3852 aquam
692 3766 819 3828 tamen
840 3750 963 3828 eidem
986 3756 1115 3854 eripit,
1156 3745 1184 3828 st

255 3863 404 3958 utrique
435 3850 542 3933 simol
568 3878 649 3932 non
667 3849 819 3952 suffieit,
856 3853 957 3932 unde
985 3859 1026 3931 in
1054 3874 1187 3959 paruae

254 3960 450 4064 elysiallos
471 3957 585 4035 instar
602 3955 682 4035 sete
698 3963 934 4062 precipitati,
956 3956 1077 4036 subito
1091 3979 1186 4037 eon·-

255 4063 400 4144 erescit.
458 4064 571 4159 Hoc,
604 4045 787 4142 mediante
808 4062 915 4140 acido
938 4063 1187 4244 vitrtolissro·

255 4169 306 4248 lte
320 4183 589 4264 concentuum,
614 4175 757 4253 evenit,
782 4161 919 4270 sijulia
934 4159 1029 4245 dosis
1045 4173 1083 4244 in
1116 4161 1189 4274 illass

254 4288 320 4353 tur
355 4269 604 4362 solutionibus
638 4275 805 4473 situati}
842 4275 968 4350 tarttn
999 4271 1188 4457 vinium,
