3342 5317
446 651 528 749 “228
622 624 692 733 De
724 622 947 731 Produsir's
981 623 1033 732 V
1025 630 1216 737 ascanius

450 837 666 950 quaomnia
682 847 914 945 opequietir,
946 842 986 924 dt
997 839 1121 920 forsan
1137 846 1281 942 exiguae
1298 860 1384 921 evat·

481 954 676 1030 orationis,
700 955 740 1022 in
757 937 902 1023 massam
925 947 1201 1050 homogeneam
1224 971 1383 1024 concre-

453 975 564 1152 ἴσαμι.
589 1049 645 1128 Ut
658 1067 781 1126 tamen
795 1067 900 1128 certo
914 1069 1113 1151 generetur
1127 1049 1285 1154 gelatina
1318 1049 1386 1126 de-

451 1161 658 1237 terminatae
678 1161 914 1256 requiruntur
942 1160 1213 1259 proportiones.
1279 1108 1384 1246 justo

452 1271 604 1366 parcior
628 1259 791 1360 pulveris
818 1260 1008 1338 zeolithici
1035 1255 1151 1354 dosrs,
1189 1259 1252 1336 vel
1281 1254 1387 1359 quod

454 1365 592 1443 eodem
617 1361 766 1461 recidit,
805 1371 919 1442 nimia
938 1363 1032 1443 acidi
1053 1368 1256 1464 quantitas,
1287 1365 1388 1438 lranc

452 1473 716 1572 operationem
730 1465 902 1570 impedit,
925 1493 1038 1568 quum
1053 1467 1243 1544 molecutae
1258 1471 1300 1540 in
1313 1485 1390 1541 ma·

434 1595 533 1674 ,gno
549 1567 664 1676 spatio
679 1593 768 1648 rarae
788 1574 1021 1674 sepaientur,
1035 1570 1128 1648 adeo
1144 1585 1185 1648 ut
1198 1568 1388 1647 attractio·

451 1681 515 1754 nis
530 1682 567 1752 vi
582 1671 788 1752 coalescere
807 1689 1002 1775 nequeant·
1053 1673 1118 1753 Ob
1139 1671 1306 1750 eamdem
1327 1692 1388 1750 ra·-

396 1824 400 1832 =
454 1787 599 1858 tionem
623 1801 715 1878 aqua
734 1775 901 1859 instillata
919 1786 1034 1859 noxia
1048 1779 1117 1877 eti,
1153 1781 1191 1856 &
1210 1794 1390 1880 proterea

456 1889 672 1987 gravitatem
687 1883 841 1984 liquoris
862 1879 1067 1986 specificam
1086 1889 1228 1960 minuit
1266 1879 1390 1984 Quies

456 2011 606 2091 quoque
620 1983 674 2064 est
693 1983 898 2066 necessaria.

530 2191 743 2294 -Prranroua
770 2192 921 2270 zeolithi
941 2193 1138 2294 gelatinam
1163 2190 1258 2270 adeo
1282 2202 1389 2289 θεῖοί

452 2305 554 2404 ‘'giam
584 2297 745 2374 formare
768 2315 977 2400 nequeunt,
1010 2294 1104 2400 sepe
1125 2322 1205 2375 non
1230 2291 1298 2372 nisr
1319 2319 1389 2372 ex·

448 2407 581 2504 iguam
602 2403 639 2481 δι
662 2407 831 2504 proxime
861 2402 1081 2480 ambientem
1103 2398 1281 2478 menstrui
1303 2421 1389 2500 par·

457 2523 534 2585 tem
560 2506 817 2606 coagulantes,
851 2512 972 2601 immo
995 2504 1183 2582 interdum
1213 2499 1289 2581 vast
1309 2517 1390 2581 tan·

453 2611 652 2689 tummodo
672 2607 954 2710 adglutinantur.
1014 2609 1105 2686 Aliae
1131 2606 1268 2709 species
1287 2607 1390 2683 nulla

458 2712 638 2790 exhibent
670 2715 836 2814 gelatinae
859 2707 969 2811 dgna.
1027 2710 1095 2788 iio
1128 2709 1390 2788 differentiae

458 2813 600 2892 diversa
635 2815 799 2916 pendent
827 2820 1096 2919 principiorum
1128 2823 1390 2920 proportione,

455 2941 569 3021 ⁴quam
584 2915 669 2995 alibi
688 2917 941 2997 determinavi.
979 2918 1157 2996 Ceterum
1180 2935 1309 2998 notatu
1331 2916 1390 2994 di·

379 3049 382 3058 ⁴
456 3044 575 3124 ‘gnum
608 3019 681 3118 est,
722 3021 824 3124 quod
853 3049 933 3100 non
961 3049 1163 3124 numquam
1189 3023 1390 3101 calcinatio

450 3129 547 3204 huic
566 3131 775 3229 operationi
803 3131 944 3229 ineptas
971 3126 1253 3224 accommodet,
1274 3139 1390 3227 quan·

336 3293 338 3298 2
459 3230 510 3308 do
535 3235 708 3306 nimirum
740 3247 846 3307 antea
870 3245 991 3309 nexus
1026 3229 1098 3308 fuit
1126 3238 1237 3309 nimis
1271 3232 1391 3306 laxus.

366 3412 371 3421 ,
456 3331 657 3434 Quartsum
674 3339 773 3410 enim
795 3335 1028 3436 pulveratum
1052 3337 1089 3413 &
1108 3337 1208 3412 calce
1227 3340 1391 3412 mixtum

458 3445 500 3516 ln
510 3446 600 3540 igne
621 3439 882 3535 calcinatorio‚
909 3445 974 3539 qui
997 3431 1135 3516 fusioni
1148 3445 1301 3516 minime
1315 3431 1390 3512 suf-

458 3539 560 3642 ficit,
575 3549 624 3620 ita
640 3559 763 3620 tamen
780 3544 998 3645 copulatur,
1024 3562 1064 3620 ut
1079 3543 1164 3620 dein
1177 3541 1302 3618 adfusa
1314 3547 1392 3617 aci·

460 3646 505 3724 dr
521 3654 561 3724 in
577 3647 751 3745 gelatinas
764 3645 1016 3724 concrescant.
1068 3647 1138 3722 Sed
1150 3653 1226 3748 jam
1241 3645 1288 3722 ad
1310 3647 1392 3723 alta.

458 3753 557 3852 'Qrae
574 3751 619 3828 de
634 3751 805 3829 zeolithic
831 3745 945 3828 fufius
958 3749 1130 3851 exposui,
1155 3743 1268 3852 longe
1283 3749 1392 3852 plura

457 3864 672 3953 continent,
712 3879 821 3956 quam
846 3878 927 3955 quoe
948 3852 992 3929 ad
1021 3853 1238 3933 eorumdem
1260 3870 1393 3932 ortum

461 3959 711 4038 stabiliendum
725 3951 921 4035 necessaria
944 3955 1122 4034 suerunt·
1153 3955 1242 4036 Non
1263 3972 1394 4036 tamen

460 4071 696 4164 pertinaciter
707 4062 919 4163 negandum
940 4081 1053 4164 puto,
1081 4069 1172 4162 quin
1189 4063 1394 4164 aliquando

457 4173 544 4270 igne
564 4169 765 4274 quidquam
782 4164 1049 4272 ,colliquesceress
1069 4163 1193 4276 potest
1216 4163 1391 4246 zeolltho

483 4339 485 4342 .
568 4349 584 4375 κ
822 4307 829 4321 ·
1302 4291 1392 4348 1112·
