3342 5317
180 4459 182 4579 i

390 600 491 754 'na
518 639 842 754 arrianam
857 646 1080 752 raterius.
1115 663 1213 778 sm

281 862 458 946 amnibur
488 863 601 942 acidis
641 861 713 941 effe
749 863 958 963 eumdcm‚·
983 861 1209 966 magnopere

279 971 381 1046 hanc
405 975 556 1047 miratus
571 967 662 1054 ,sum
686 973 986 1046 convenientiam
998 967 1013 1066 ‚'
1043 963 1106 1044 etsr
1138 981 1209 1068 qua

281 1074 411 1150 aikaiia
436 1074 475 1150 dr
498 1087 613 1150 terras
636 1077 676 1148 in
699 1079 812 1149 variis
832 1071 1020 1166 differrent
1038 1093 1209 1152 momen*

281 1184 340 1254 tis.
400 1175 510 1252 Hane
544 1176 595 1252 nb
634 1174 776 1252 causam
806 1174 1046 1278 suspicionem
1065 1173 1210 1252 sovcre
1276 1212 1279 1221 ·

185 1299 190 1307 ’
280 1284 415 1379 coepi,
455 1278 555 1382 quod
577 1287 909 1380 praecipitationum
947 1280 1211 1357 metallicarum

281 1382 394 1460 series
419 1405 499 1460 non
532 1382 576 1458 ab
607 1381 702 1460 acidi
734 1384 940 1480 eletiione,
964 1381 1024 1461 sed
1050 1385 1095 1460 ab
1136 1383 1221 1458 aiio‘

284 1485 509 1589 dependeret
540 1483 794 1564 fundamento
859 1485 947 1564 Hoc
980 1493 1054 1588 J'am
1087 1501 1211 1565 certus

283 1597 377 1670 novi
397 1586 468 1666 eise
488 1591 643 1666 calcium
666 1588 862 1667 soiutarum
887 1597 983 1687 vim,
1006 1609 1094 1694 'qua
1132 1587 1213 1667 sor·

283 1701 357 1773 rius
372 1691 575 1770 debiliusue
600 1690 812 1795 phlogiston
835 1699 1090 1796 praecipitantis
1121 1699 1213 1770 arri·

284 1806 400 1902 piunt
452 1798 511 1872 De
538 1821 585 1874 eo
610 1790 694 1872 aiibi
725 1795 860 1874 ditium
895 1795 1010 1902 estg)
1041 1800 1079 1876 δὲ
1108 1799 1213 1902 plura
1308 1831 1310 1844 ·

284 1899 584 2004 insequentibus
618 1897 789 1977 dicentur
813 1899 868 2006 (ᾗ.
903 1899 1071 1994 XLVII).
1122 1901 1212 1991 Jure

285 2011 398 2106 igitur
432 2002 691 2080 excluduntur·
715 2007 859 2080 metalla
902 2008 1107 2106 compieta,
1151 2001 1213 2080 sed

285 2134 379 2186 num
402 2107 488 2186 idco
513 2113 623 2185 etiam
645 2109 764 2186 calces
795 2103 1024 2205 rejiciendae?
1082 2109 1150 2186 Hae
1170 2131 1213 2186 re

286 2237 376 2291 vera
401 2209 615 2307 solvuntur,
642 2211 679 2288 dt
697 2218 751 2288 rei
777 2228 916 2288 naturae
929 2231 1138 2312 congruere
1155 2217 1213 2287 vi·

286 2314 417 2412 detur,
444 2313 544 2417 quud
568 2315 667 2394 idem
692 2314 837 2391 acidum
862 2322 958 2406 inter
984 2325 1023 2392 ιθ
1056 2313 1216 2394 diversae

287 2421 444 2520 aliquam
486 2425 643 2518 reperiat
689 2416 984 2518 discrepantiam,
1030 2419 1215 2498 mediante

288 2547 360 2624 qua
384 2525 581 2600 nonnuiias
593 2522 670 2598 aiiit
685 2519 854 2625 praeierat
871 2522 1128 2626 iubentiusque
1143 2521 1216 2602 sus·

289 2632 424 2728 cipiat...
468 2623 558 2723 Sed,
598 2638 711 2724 quum
744 2629 978 2703 ratiocinatio
999 2621 1076 2702 sinc
1108 2649 1217 2730 expe·

289 2737 433 2808 rientiae
454 2723 724 2816 testimonio-sit
738 2725 866 2826 faiiax,
897 2737 1097 2806 tentamina
1119 2725 1218 2818 insti·

289 2842 358 2912 tui
373 2857 461 2911 cum
486 2832 673 2929 calcibus,
700 2830 899 2934 praesertim
929 2834 1128 2932 argenti&
1152 2859 1218 2910 cu·

290 2945 357 3042 pri.
405 2937 529 3015 Primo
560 2943 702 3034 argenti
740 2944 780 3012 in
815 2937 922 3012 acido
954 2933 1097 3014 nitroso
1118 2935 1218 3014 soiu·

292 3048 434 3118 tionem
460 3050 605 3142 paravi,
636 3055 813 3140 quantum
845 3036 928 3116 fieri
958 3037 1077 3142 potest
1129 3039 1217 3118 satu·

292 3162 417 3222 ratam.
477 3144 532 3219 Eo
558 3143 705 3241 quidem
738 3142 942 3239 perducere
982 3169 1062 3220 non
1126 3153 1217 3244 oroi,

293 3251 383 3430 puin
403 3243 669 3343 heliotropium
691 3239 849 3341 rufaret,
874 3243 934 3320 sed
955 3247 1036 3322 talis
1052 3246 1221 3328 excessua

308 3379 320 3429 1

323 3378 370 3428 ne
384 3347 461 3427 salis
476 3347 644 3424 metallici
656 3343 901 3423 destrudiione
922 3355 987 3422 vix
1000 3350 1079 3424 tolli
1092 3349 1219 3451 potest.
1343 3406 1349 3416 =

293 3457 394 3532 Huic
423 3448 597 3531 solutioni
614 3473 771 3552 cuprum
795 3456 883 3552 igne
910 3453 1129 3528 calcinatum
1161 3454 1220 3530 ad.

296 3553 370 3638 didi
395 3558 433 3635 dt
458 3553 669 3658 digestionis
701 3551 800 3628 aestui
832 3550 987 3652 exposui
1018 3557 1220 3658 perplura

295 3664 586 3765 nychthemera,
610 3650 670 3734 sed
686 3664 856 3758 quamvis
875 3659 974 3734 iente
991 3674 1133 3736 tantum
1149 3657 1220 3738 sol·-

295 3785 464 3854 veretur‚
491 3783 533 3839 ut
547 3766 667 3862 iiquor
691 3758 958 3858 coeruiesceret,
982 3763 1221 3850 nuiiatamen

294 3873 590 3976 praecipitationis
613 3859 712 3964 dgna
735 3873 777 3939 in
802 3863 1041 3977 conspetium
1071 3867 1221 3968 prodie.

295 3991 393 4054 runt
441 3972 528 4050 Alia
551 3976 693 4072 argenti
713 3967 849 4148 sepedo
880 3966 1040 4046 similiter
1070 3967 1224 4050 saturata

307 4121 313 4132 ·
792 4100 812 4148 ²
1128 4098 1225 4152 mer·

337 4238 376 4314 g)
400 4220 468 4292 uiti
483 4221 520 4289 dc
540 4222 683 4306 ariorici
703 4227 835 4312 topiario
849 4218 996 4309 metalli,
1019 4217 1046 4313 §.
1062 4226 1101 4304 11.
