3342 5317
489 722 576 820 292
620 693 690 792 De
718 677 1044 789 Attr'aiiionibut
1071 687 1284 795 Etaetttvts.

488 895 674 980 tumbeio
687 922 767 978 non
780 911 927 1002 quero,
952 921 1153 1002 quatveto
1170 905 1211 980 in
1232 897 1305 978 suis
1327 921 1436 1004 ope-·

487 1001 694 1084 rationibus
724 998 887 1104 sequitur
912 1005 1033 1104 leges,
1073 1029 1095 1082 e
1119 1027 1161 1082 re
1193 1001 1246 1082 est
1274 1029 1422 1106 cogno·

490 1107 613 1204 scere,
650 1103 745 1182 adeo
774 1123 816 1184 ut
837 1105 949 1185 instar
972 1113 1030 1188 vis
1049 1105 1298 1186 determinate
1326 1133 1424 1184 con-

488 1207 639 1290 fiderart
659 1228 790 1310 queat,
821 1211 999 1318 licetque
1023 1209 1316 1294 mechtnismutn
1329 1212 1422 1292 hec-

418 1365 423 1372 ·
490 1331 603 1396 tenus
618 1321 818 1418 incognita.
1032 1319 1038 1332 '

569 1521 756 1626 Mnxntn¹
780 1517 966 1600 mundane
997 1545 1158 1626 corpora
1196 1527 1237 1600 in
1275 1528 1424 1618 ratione

491 1621 685 1704 massarum
712 1623 850 1703 diretta
876 1627 915 1704 δι
942 1625 1204 1726 quadratorum
1234 1623 1423 1705 distantiu-

342 1729 351 1748 “
494 1755 580 1808 rum
593 1727 754 1824 inversa,
776 1730 875 1806 hanc
896 1727 1029 1806 tn'utuo⁴
1047 1755 1224 1808 exercere
1253 1732 1422 1810 luculen-

492 1849 552 1912 ter
597 1830 864 1911 demonsttavit
907 1831 1055 1911 illustris
1101 1833 1422 1916 NEWTONUS.

491 1937 557 2016 Ille
577 1963 669 2015 vero
697 1937 742 2014 ad
761 1944 941 2014 unionem
962 1934 1080 2034 nisus,
1117 1944 1180 2040 qui
1200 1943 1299 2015 inter
1320 1963 1420 2039 quae·

493 2047 554 2122 vis
578 2049 619 2118 in
646 2041 786 2120 telluris
813 2035 1007 2142 superficie
1034 2046 1161 2118 vicina
1192 2039 1420 2134 observatur,

494 2148 534 2226 δι
554 2145 722 2224 attractio
741 2151 950 2250 propinqua
966 2152 1094 2223 vocari
1117 2141 1257 2246 pote‘st,
1282 2157 1421 2248 (quum

494 2257 645 2350 exiguas
671 2266 812 2326 tanturn
840 2245 1007 2327 sollicitet
1035 2249 1256 2348 molecults‚
1305 2249 1420 2351 idque

493 2359 561 2431 vix
574 2371 677 2429 extra
690 2349 922 2451 connitum,
954 2352 1042 2429 dutn
1061 2352 1262 2454 longinqua
1282 2360 1324 2429 in
1346 2361 1420 2429 int-

493 2454 919 2558 mensospatioingentes
933 2463 1036 2554 cogit
1049 2457 1197 2552 moles),
1209 2457 1287 2536 aliis
1297 2464 1419 2535 omni·

493 2586 548 2638 no
561 2561 698 2658 regulis
716 2557 1057 2638 adsttitia'videtutt
1078 2558 1237 2660 videtur,
1251 2569 1420 2662 inquam,

461 2687 465 2692 ’
493 2687 583 2742 nam
598 2688 657 2739 res
671 2659 769 2764 forte
790 2662 1065 2742 circumstantes
1089 2680 1240 2756 omnem
1253 2662 1420 2744 efficiunt

495 2764 913 2864 differentiatfnScilieet
926 2764 1265 2868 respettuitnmanis
1283 2769 1420 2846 distan-

493 2876 552 2948 tie
565 2869 731 2946 diametri
744 2868 986 2966 evanescunt,
1011 2869 1104 2947 adeo
1119 2888 1160 2949 ut
1173 2877 1331 2978 corpor'a
1346 2898 1418 2952 coe·

491 2971 594 3050 lestia
623 2973 839 3075 plerumque
864 2971 975 3050 instar
995 2971 1221 3076 punitorum
1246 2985 1418 3078 gravium

490 3072 710 3156 considerari
731 3073 877 3181 poffint.
927 3078 1072 3154 Eorum·
1094 3101 1208 3175 vern,
1229 3103 1310 3183 quae
1331 3105 1416 3182 pro·
1519 3135 1520 3190 t

489 3187 629 3284 pinque
658 3179 760 3278 sunt,
798 3181 913 3283 longe
940 3181 1007 3259 alia
1035 3177 1088 3258 est
1112 3188 1229 3279 ratio,
1274 3192 1417 3262 etenim

487 3307 571 3364 non
610 3299 752 3364 tantum
793 3292 929 3382 totius,
973 3281 1035 3362 sed
1066 3293 1225 3387 partium
1263 3311 1416 3390 quoque

358 3427 364 3436 ’
487 3384 610 3492 figura
647 3389 686 3467 &
722 3383 829 3486 situs,
869 3388 1126 3466 atttafflonunt
1152 3388 1305 3468 effeetus
1337 3411 1417 3468 ma·

518 3517 660 3596 nopere
684 3498 838 3568 variant.
872 3492 975 3568 Hinc
988 3501 1227 3594 quantitates,
1244 3519 1328 3595 quae
1343 3519 1415 3596 pro

482 3517 703 3703 fonginquis
728 3596 866 3696 negligi
887 3591 1051 3698 possunt,
1087 3597 1205 3694 legem
1224 3599 1415 3677 attrattio·

487 3725 581 3779 num
615 3703 906 3802 propinquarunt
953 3701 1167 3779 notabiliter
1202 3708 1415 3801 immutant,
1518 3765 1519 3798 3

485 3828 643 3905 eamque
671 3819 846 3906 praeterea
866 3801 969 3903 globi
980 3802 1097 3882 nostri
1108 3812 1243 3904 ingens
1256 3814 1316 3882 vis
1332 3805 1414 3884 ubi·

482 3930 558 4008 que
595 3914 699 4010 cogit
738 3907 775 3986 &
814 3905 946 3984 turbat.
997 3909 1090 3999 Fieri
1120 3916 1241 4009 itaque
1274 3907 1413 4011 potest,

484 4027 527 4088 ut
545 4007 674 4088 eadem
693 4014 753 4087 vis
772 4033 842 4114 pro
861 4036 902 4086 re
926 4027 1012 4090 nata
1034 4019 1171 4088 mirum
1190 4018 1230 4090 in
1252 4011 1415 4092 modum

481 4118 601 4198 variet
616 4109 777 4192 effettus.
830 4115 932 4192 Cum
947 4141 1040 4197 vero
1054 4117 1313 4220 particularum
1328 4141 1414 4192 eru-

480 4240 547 4300 ete
577 4211 711 4320 figures
736 4219 775 4304 &
800 4215 1032 4324 positione&
1055 4229 1099 4304 in
1122 4197 1257 4328 qt'tovis
1287 4219 1411 4404 ogisio

1367 4349 1409 4427 υ)
