3342 5317
414 648 485 744 n·
509 649 836 749 mammon
862 653 1096 750 aratra·
1130 587 1253 779 353·
1305 733 1306 738 Ν
1444 683 1448 688 -

283 847 539 950 esnerep'eur
560 859 672 954 igitur
695 852 851 956 fluoris,
874 862 916 940 in
936 880 1094 966 vapores
1107 859 1224 970 reim,¹

282 955 565 1056 iutum‚.ipsum
584 963 723 1061 vitrum
745 962 930 1050 corrodit,
956 968 1073 1042 immo
1093 970 1209 1044 inter·

282 1055 374 1139 dum
395 1057 578 1162 perforat,
596 1086 695 1162 equae
713 1069 786 1142 vis
815 1066 909 1143 nulli
938 1065 999 1146 alii
1028 1067 1223 1151 hactenus-
1366 1113 1371 1122 ·

279 1180 378 1242 noto
393 1173 592 1266 competit,
614 1173 837 1269 cuicumque
850 1167 1001 1268 demum
1023 1164 1207 1254 bafiunia·
1373 1185 1378 1200 ¹

281 1260 364 1345 tur?
394 1269 431 1344 Si
452 1275 633 1370 quispiam
653 1289 810 1368 argento
825 1272 962 1353 nitrato
986 1273 1133 1378 (lapide
1147 1281 1207 1354 in·
1228 1331 1236 1372 3

278 1368 455 1470 femali),
480 1372 672 1453 sublimato
697 1371 921 1475 corroiivo,
955 1378 1107 1480 aliisque
1125 1375 1206 1472 iali-

278 1472 350 1562 hus
375 1477 584 1575 metallicis,
608 1477 821 1578 acidorum,
849 1494 957 1559 certae
982 1477 1055 1562 bafi
1079 1488 1204 1562 unito-
1305 1511 1309 1516 ·

277 1581 386 1676 rum}
417 1586 660 1661 acrimoniam
690 1583 894 1662 naturalem
924 1583 1030 1662 vaide
1060 1583 1204 1665 aunam
1386 1661 1389 1666 .

162 1740 163 1745 a
276 1681 437 1784 probare
460 1683 663 1783 adnitatur,
688 1691 769 1784 ejus
791 1694 869 1768 cito
888 1703 1039 1767 corruet
1059 1686 1204 1768 senten·
1342 1757 1346 1760 .

163 1864 164 1869 Ν
276 1793 348 1882 tia,
372 1812 415 1863 re
428 1795 583 1891 propius
594 1793 810 1872 examinata
859 1791 1028 1872 Centena
1040 1816 1218 1904 namque·
1252 1857 1254 1862 .

162 2070 164 2081 Ν
274 1892 1215 2100 taathtiitthtiatitatitt.

162 2170 164 2178 Ν
274 2104 333 2175 rei
356 2117 497 2178 naturae
528 2116 768 2197 augmentum
790 2117 985 2206 repugnat:
1024 2118 1202 2202 praeterea

272 2198 405 2281 salibus
431 2209 646 2286 memoratis
666 2199 866 2296 corrosrvis
886 2203 972 2284 ideo
996 2203 1200 2286 extraordi·
1316 2245 1320 2252 ·

162 2386 163 2390 Ν
270 2315 377 2384 naria
398 2307 635 2387 vehementia
664 2303 899 2407 adscribitur,
917 2307 1019 2409 quod
1041 2309 1215 2411 corpora

163 2488 165 2497 ,
272 2411 485 2488 animalium
528 2426 722 2511 tangentes
761 2411 891 2498 eadem
930 2409 1242 2520 adgrediamur..
1339 2438 1343 2445 ·

163 2591 165 2601 ,
271 2512 383 2592 Ratio
408 2523 536 2594 'autem
577 2507 804 2593 corrosionis
824 2517 916 2594 latet
932 2521 980 2594 in
995 2515 1201 2608 „metallicis

272 2615 416 2695 basibus
428 2614 735 2720 dephlogistieatis
748 2621 825 2718 (§§.
841 2619 931 2716 XV,
955 2619 1093 2718 XVH),
1117 2641 1213 2720 quaex

272 2719 532 2822 inflammabiie
551 2726 755 2817 irretitum,
821 2723 897 2802 uod
917 2746 1050 2823 magna
1071 2727 1111 2800 vi
1132 2746 1198 2826 apa

161 2902 165 2921 ,
271 2841 420 2928 petunt,
435 2825 613 2904 divellere
629 2821 797 2926 poffunt5
859 2825 1080 2928 quefortem
1094 2823 1229 2903 suam'
1318 2843 1321 2856 ’

163 2995 165 3005 Ν
270 2929 529 3014 attractionem
550 2929 828 3029 quodammodo
853 2946 1076 3032 temperant,
1102 2953 1196 3008 nam
1315 2951 1321 2970 ¹

161 3028 165 3107 1
269 3034 377 3111 acida
412 3034 484 3110 iliis
520 3030 686 3118 sedandis
724 3059 804 3113 non
844 3027 1055 3112 sufficiunt„
1085 3031 1196 3111 Notat

163 3199 165 3206 .
268 3135 355 3214 sunt
387 3143 498 3215 variae
528 3131 751 3237 hypotheses
789 3131 836 3210 de
870 3153 958 3238 ortu
999 3133 1194 3212 acidorum

162 3234 165 3245 ’
269 3247 359 3320 nitri
378 3242 416 3319 ἃ
436 3238 516 3317 salis
534 3263 582 3314 ex
601 3239 811 3331 vitriolico,
843 3233 905 3317 sed
928 3245 969 3316 in
1003 3237 1106 3314 hunc
1130 3261 1196 3314 us·

162 3426 164 3442 y
269 3371 345 3446 que
362 3344 463 3422 diem
484 3342 592 3420 nullo
608 3339 752 3416 'idoneo
775 3335 927 3430 suffultae
957 3335 1193 3438 argu‘mento3

162 3516 163 3523 Ν
267 3442 614 3550 &idernmiialion'
627 3450 668 3522 in
681 3439 872 3548 posteram
886 3443 1045 3522 deacido
1059 3438 1193 3522 fluoris

344 3761 647 3836 Puncsnrnrm
684 3749 789 3834 acida
820 3778 895 3859 pra
926 3762 1034 3836 terris
1064 3747 1207 3836 aikalia·

206 3875 213 3884 '
259 3879 466 3968 appetunt,
491 3863 576 3940 heic
591 3883 685 3938 vcro
708 3858 800 3935 alius
812 3856 943 3961 incipit
959 3859 1065 3942 ordo.
1102 3862 1190 3938 Aci·
1234 3871 1241 3879 '

268 3970 359 4046 dum
372 3965 504 4046 fluoris
514 3964 624 4044 aikaii
644 3961 840 4064 vegetabili
854 3957 1071 4060 saturatum,¹
1097 3985 1190 4064 aqua

267 4072 380 4182 calcis
405 4069 540 4148 decom
565 4073 712 4165 unitur,
742 4063 906 4144 fluorem
955 4065 1099 4146 raebens
1119 4071 1191 4144 mi-

665 4179 671 4192 ·
857 4093 981 4256 ach
1004 4165 1201 4355 Pupp
