3342 5317
476 668 552 763 '82
746 647 816 753 De
852 652 1018 781 Anul'yfi
1052 654 1188 749 Ferri·

492 880 501 891 ·
578 850 639 955 Α)
661 860 790 960 QJux
810 877 933 939 autem
944 868 1004 939 aii
1020 858 1260 968 irfiummubilr‘r
1274 885 1305 939 e
1324 857 1440 943 ferro.

479 998 482 1003 ·
501 966 669 1070 quolibet
682 966 843 1043 obtineri
856 985 982 1066 queat,
995 964 1195 1065 &quidem
1207 965 1346 1067 oequale
1359 990 1434 1043 vo*

492 1070 651 1165 lumen,
677 1066 827 1147 diverlis
841 1070 1007 1147 adhibitis
1024 1068 1155 1157 acidis,
1179 1073 1340 1170 cuipiam
1355 1069 1432 1146 lor-

493 1192 538 1254 ·te
556 1172 709 1275 sulpicio
724 1179 815 1252 oriri
833 1170 949 1274 pollet
958 1173 1004 1250 de
1017 1174 1088 1249 hac
1098 1168 1186 1248 aura
1197 1177 1239 1248 in
1254 1170 1334 1274 ipso
1349 1198 1433 1249 me-

488 1278 588 1357 ·tallo
627 1274 878 1375 delitescente,
927 1274 1025 1355 haud
1053 1278 1158 1361 aliter
1197 1299 1241 1351 ac
1280 1276 1431 1355 acidum

489 1392 648 1461 'aereum
660 1378 793 1457 fouent
805 1380 942 1480 lapides
956 1380 1127 1477 calcarei,
1153 1386 1338 1482 varieque
1351 1382 1431 1457 aliae

369 1506 373 1513 '
499 1490 668 1565 materiae.
720 1483 811 1581 Sed,
837 1480 864 1559 li
877 1484 953 1560 hoc
973 1482 1126 1561 dubium
1146 1481 1262 1561 solido
1287 1490 1431 1561 nitere-

500 1605 562 1667 tur
578 1586 834 1679 fundamento,
867 1587 982 1665 omne
1001 1586 1167 1683 acidum,
1198 1584 1343 1663 ferrum
1364 1586 1433 1663 ad·

501 1691 693 1796 grediens,
735 1703 862 1769 ae’rem
880 1713 1089 1794 provocare
1110 1689 1433 1768 deberetinflarn·

500 1795 692 1891 mabilem,
706 1794 811 1895 quod
821 1812 969 1891 tamen,
984 1792 1075 1871 teste
1089 1800 1331 1892 experientia,
1345 1819 1431 1873 non

498 1906 635 1985 euenit
685 1898 849 1977 Acidum
864 1895 1180 1998 namquearsenici
1193 1894 1431 1974 ferrumsus·

496 2011 605 2105 cipit,
644 1998 721 2077 sine
741 2000 991 2103 produdlione
1017 2001 1128 2077 ullius
1148 1998 1252 2076 fluidi
1275 1998 1428 2099 elastici,

495 2115 604 2205 cujus
618 2107 705 2183 loco
722 2099 934 2205 phlogiston
947 2104 1187 2179 auferendum
1209 2129 1298 2181 cum
1316 2130 1430 2181 men·

483 2210 583 2289 ‘strui
597 2213 771 2311 portione
791 2212 1049 2307 conjungitur,
1073 2204 1277 2286 arsenicum
1294 2208 1424 2287 album

482 2331 729 2416 regenerans.
780 2308 943 2386 Aridum
960 2299 1140 2387 nitrosum
1162 2313 1253 2388 nihil
1272 2336 1428 2413 quoque

494 2424 588 2497 aeris
603 2412 872 2491 inflammabilis
896 2414 1038 2511 educit,
1063 2414 1174 2489 aliam
1191 2433 1316 2492 tamen
1335 2442 1429 2517 pro·

373 2542 378 2547 ·
495 2528 563 2597 mit
591 2544 733 2615 auram,
775 2526 869 2593 aeris
883 2514 1011 2593 nitroli
1038 2524 1226 2615 cognitam
1254 2527 1427 2597 nomine.

494 2622 630 2726 Regeri
645 2623 792 2721 quidem
809 2619 947 2721 potest,
974 2621 1051 2697 hoc
1063 2620 1207 2698 acidum
1224 2638 1325 2699 tanta
1340 2628 1427 2700 vio-

415 2750 418 2759 ·
479 2726 606 2803 lentia
627 2724 895 2801 inflammabllia
918 2722 1089 2821 adgredi,
1125 2744 1166 2801 ut
1185 2723 1285 2802 forte
1303 2724 1428 2827 ipsum
1516 2817 1517 2820 Ἴ

481 2840 618 2904 'adrem
633 2826 932 2907 inflammabilem
955 2826 1021 2903 sub
1044 2824 1227 2905 solutione
1248 2826 1427 2927 destruat,
1516 2825 1517 2832 '

494 2930 557 3009 sed
570 2932 648 3007 aliis
663 2930 1058 3032 experimentisprobe
1074 2949 1207 3008 notum
1227 2930 1298 3030 est,
1319 2933 1427 3035 quod
1515 2943 1516 2972 ¹

492 3033 640 3112 acidum
657 3040 745 3111 nitri
765 3030 999 3113 fortillrmum
1013 3034 1107 3111 nihil
1125 3037 1426 3114 omninovaleat
1514 3029 1515 3080 3

491 3145 533 3215 in
553 3135 728 3215 mutando
749 3150 833 3215 ae're
856 3134 1125 3233 inflammabili,
1144 3144 1335 3238 quiigitur
1357 3138 1425 3217 sub
1513 3127 1514 3188 l

490 3236 733 3319 solutionibus
751 3266 830 3317 non
846 3241 1038 3318 evolvitur
1055 3240 1114 3317 vel
1132 3243 1325 3329 liberatur,
1360 3243 1426 3323 sed
1512 3215 1514 3296 l

476 3352 535 3424 're
550 3368 637 3420 vera
654 3348 829 3445 gignitur.
879 3342 960 3418 Aer
976 3368 1125 3443 quoque
1151 3342 1426 3426 inflammabilis

474 3472 513 3525 'e
528 3445 630 3525 ferro
643 3446 766 3549 prodit
779 3444 1007 3569 aliiffrtodis,
1036 3454 1212 3525 nimirum
1226 3476 1300 3555 ope
1318 3476 1425 3553 aquae

488 3548 542 3655 (§.
560 3550 618 3644 X)
645 3551 703 3627 vel
719 3548 798 3627 solo
816 3562 924 3624 ettam
937 3554 1024 3648 igne
1050 3561 1264 3652 extorqueri
1284 3554 1423 3661 potest,

486 3652 548 3732 sed
565 3648 706 3753 genesis
719 3659 758 3727 in
787 3658 911 3753 priore
926 3650 1007 3727 casu
1031 3675 1122 3729 mox
1144 3658 1424 3736 examinabitur

471 3758 604 3859 ·(Exp.
618 3764 724 3853 257),
751 3757 842 3833 &in
856 3752 1271 3859 posterioriaphlogisto
1288 3764 1421 3841 metal-
1494 3832 1500 3848 ,

470 3861 530 3958 li,
557 3886 643 3937 cum
656 3864 807 3937 materia
820 3858 951 3936 caloris
964 3859 1188 3963 conjuntto,
1213 3863 1300 3943 alibi
1321 3865 1421 3948 deri·

457 3962 696 4060 ·vabitur*).

1298 4069 1418 4153 Pele·

465 4188 472 4203 ⁴
495 4192 497 4199 ’
522 4220 560 4298 *t
579 4222 623 4283 De
644 4159 1001 4322 iterrass·r1eui·,³.9·
1115 4282 1129 4307 ··
