3342 5317
458 631 530 742 '¹14
549 627 617 720 Dr
633 625 752 762 cuttsn
761 623 1013 752 fragilitatis
1028 629 1160 764 sarri
1167 625 1335 754 frigidi.

463 829 593 911 eadem
613 855 658 910 ac
675 847 782 910 antea
808 828 1009 934 fragilitatis
1035 831 1117 911 labe
1142 839 1312 913 vitiatum
1330 835 1389 931 d).

463 929 608 1038 Itaque,
649 955 763 1037 quum
790 933 861 1014 hac
889 945 950 1014 via
974 957 1056 1017 non
1074 931 1142 1014 nifi
1164 935 1389 1022 metallicum

464 1039 702 1137 deturbetur,
727 1043 767 1116 in
781 1039 959 1118 metallica
980 1061 1128 1144 quoque
1141 1042 1294 1119 materie
1317 1038 1390 1120 ori·

266 1203 269 1212 ,
359 1227 362 1238 ,
463 1165 515 1246 go
526 1143 619 1248 mali
628 1141 821 1244 quaerenda
844 1140 987 1222 necesse
1004 1141 1065 1221 est.
1116 1142 1389 1246 celeberrimo,

346 4341 378 4409 *n*

463 1247 553 1324 dum
570 1251 609 1323 ln
623 1253 719 1324 vivis
736 1263 831 1338 erat,
855 1248 1075 1352 metallurgo
1094 1248 1197 1329 D:no
1214 1249 1390 1328 Bnrunr

461 1351 556 1428 adeo
573 1348 775 1451 persuasum
792 1348 862 1426 fuit
880 1350 926 1430 de
946 1351 1015 1430 hac
1028 1359 1205 1453 veritate,
1239 1370 1280 1432 ut
1300 1379 1389 1434 cum

460 1449 611 1556 singulis
632 1459 731 1532 notis
758 1455 914 1533 metallis
942 1451 1085 1532 ferrum
1110 1454 1260 1534 seorsun
1293 1481 1392 1536 con·

331 1611 334 1624 .
447 1561 642 1665 ¹junxerit,
666 1559 736 1636 hac
754 1555 961 1657 synthetica
975 1557 1388 1660 vufragtlttatisautto-

461 1685 542 1739 rem
558 1658 779 1764 investigare
796 1659 942 1764 sperans
956 1667 1007 1758 a).
1055 1663 1144 1742 Hoc
1158 1665 1285 1772 labore
1299 1661 1387 1744 fini·

460 1782 503 1845 to
525 1766 657 1842 nullam
679 1764 813 1866 frigido
837 1763 957 1868 fragili
977 1773 1093 1866 magis
1114 1786 1388 1870 congruentem

458 1869 642 1950 miscelam
665 1874 830 1966 invenit,
862 1893 972 1969 quarn
994 1869 1249 1971 arsenicalem,
1284 1869 1387 1952 unde

459 1975 570 2052 'etiam
589 1973 711 2050 lnhac
732 1971 1043 2076 caulaadquievit.
1092 1971 1162 2052 Sed
1180 1976 1289 2075 alibi,
1308 1994 1387 2058 tam
1515 2062 1516 2065 Ν

437 2083 498 2156 ain
518 2082 688 2173 mineris,
721 2101 830 2178 quam
858 2081 899 2152 in
926 2074 1003 2174 ipso
1024 2075 1127 2155 ferro
1153 2075 1289 2182 frigido
1310 2078 1387 2161 fra·
1515 2080 1517 2093 ⁸

300 2255 302 2264 ,
455 2179 540 2282 gili,
572 2177 722 2257 arsenici
756 2205 804 2256 ne
828 2176 1006 2260 leviffima
1037 2182 1187 2284 quidem
1209 2182 1386 2287 indagare
1515 2198 1516 2235 l

370 2319 377 2332 ·
454 2289 647 2388 potuimus
670 2279 817 2384 vestigia
831 2282 893 2390 f).
949 2281 1133 2384 Quamvis
1152 2291 1267 2386 igitur
1289 2286 1386 2364 arle-

454 2393 582 2466 uicum
597 2385 825 2488 fragilitatem
839 2383 986 2478 efficere
1003 2405 1132 2488 queat3
1156 2415 1237 2469 non
1258 2407 1385 2471 tamen
1515 2452 1516 2485 ,

454 2489 508 2568 est
525 2498 686 2596 genuina
702 2487 826 2583 causa,
851 2515 930 2592 quae
941 2495 983 2568 in
1002 2499 1106 2568 omni
1127 2492 1229 2572 ferro
1244 2489 1382 2596 frigido

412 2587 416 2596 ’
451 2587 594 2698 fragili,
627 2599 775 2698 proprie
793 2588 843 2670 fic
864 2593 981 2680 ditio,
1009 2593 1118 2672 adest.
1174 2597 1383 2678 Methodus

432 2697 695 2794 ·Brandtiana,
725 2693 787 2774 etsi
801 2696 907 2774 valde
923 2697 1040 2785 bona,
1070 2696 1199 2779 fefellit
1212 2727 1260 2778 eo
1284 2723 1382 2780 tern-

452 2826 566 2904 pore,
588 2825 666 2900 ¹quo
692 2824 772 2886 non
794 2796 862 2876 nili
887 2827 922 2893 ¹4
948 2807 1099 2904 cognita
1121 2821 1230 2884 erant
1250 2806 1382 2886 metal-

450 2905 495 2984 la.
517 2969 521 2976 .
546 2902 672 2982 Postea
698 2901 773 2980 duo
798 2929 900 2996 nova
921 2901 1004 2980 sunt
1029 2904 1189 2999 detecta,
1220 2909 1380 3008 Magne·

449 3003 542 3086 srum
566 3009 603 3086 δι
627 3007 722 3086 aliud
747 3031 838 3086 mox
863 3003 1154 3087 describendum.
1192 3011 1310 3113 Quod
1333 3011 1381 3093 ad
1516 3035 1518 3050 ²

446 3119 549 3218 prius
564 3120 714 3194 attinet,
736 3112 829 3208 hoc,
847 3105 911 3188 etsr
923 3107 1070 3210 fragile,
1085 3130 1299 3194 nontamen
1312 3113 1380 3194 suo
1516 3127 1518 3132 ’

447 3223 541 3294 vitio
567 3215 710 3294 ferrum
745 3219 930 3314 inquinat,
963 3213 1053 3289 illud
1074 3221 1201 3314 enim,
1231 3216 1380 3320 quode

442 3327 594 3405 'minera
618 3319 696 3396 alba
725 3315 892 3418 spathosa
916 3317 1081 3418 elicitur,
1113 3324 1217 3400 nullo
1237 3321 1380 3409 laborat

446 3421 657 3530 ‹luttilitatis
680 3419 848 3518 delectu,
880 3427 1048 3522 quamvis
1084 3429 1128 3510 ,in
1159 3433 1379 3506 centenario

445 3554 494 3636 30,
514 3520 686 3626 magnelii
717 3523 825 3648 libras
856 3520 985 3602 foveat
994 3531 1063 3648 g),
1109 3529 1156 3608 ln
1180 3527 1379 3631 posteriurl

444 3626 683 3816 affinis?
708 3628 793 3705 malr
815 3651 858 3704 re
878 3651 968 3706 vera
994 3629 1192 3735 delitescit,
1221 3640 1277 3716 utl
1300 3639 1378 3736 jun

1288 3841 1374 3921 Scr-

485 3946 526 4020 d)
548 3941 676 4016 llnalylls
690 3943 793 4016 Ferri,
815 3941 888 4025 Exp.
901 3958 970 4019 249.

485 4043 520 4107 a)
542 4036 604 4094 Aet.
635 4029 755 4092 Stockh.
778 4043 854 4106 ¹75¹·
899 4059 904 4063 ·
1222 4057 1229 4068 ·

454 4145 461 4154 ·
476 4121 516 4207 j)
538 4117 665 4189 Analylie
685 4119 769 4176 Ferri
777 4159 788 4190 ,
810 4117 882 4198 Exp.
901 4119 977 4189 206,
1004 4129 1064 4201 Μ
1076 4117 1106 4180 ἁ
1119 4119 1189 4198 208,

477 4217 521 4294 g)
543 4203 651 4292 Opust.
673 4199 743 4270 Vol.
755 4205 796 4270 11.
813 4220 881 4292 pag.
893 4211 957 4274 καί.
