3342 5317
481 782 496 789 κ·
548 728 616 821 Da
644 724 810 856 Anuspst
832 668 985 823 Ferri,
1197 740 1229 848 ζ
1261 760 1270 780 t

292 950 437 1032 magnae
459 928 550 1011 ferri
572 930 689 1011 massae
711 933 802 1012 Brirla
819 934 941 1032 diua,
966 954 988 1010 a
1008 914 1225 1017 monticolisv

291 1036 439 1115 masticis
463 1034 534 1113 cus
579 1036 861 1145 -(Birtla-stnide),
890 1034 1020 1117 nostro
1049 1039 1226 1142 tempores

292 1137 393 1241 quast
407 1138 592 1243 profligati
604 1137 706 1238 sunt,
723 1165 824 1241 teque
835 1168 881 1245 ac
895 1136 1081 1221 'cursorius
1094 1143 1221 1241 (Reate

253 1238 257 1255 '
281 1242 431 1353 fmilia),
447 1244 496 1320 ob
510 1244 729 1323 celeritatem
742 1252 792 1329 ita
806 1245 941 1344 didius,
954 1270 1069 1345 quum
1085 1248 1218 1335 eodem

290 1346 371 1447 die,
398 1372 474 1448 quo
487 1342 669 1447 frangitur
681 1346 916 1446 mirrera,vel
933 1346 1218 1461 saltim'sequen7

288 1466 351 1552 te,
376 1448 502 1529 cusum
519 1450 680 1553 praebere
693 1470 801 1555 queat
817 1451 968 1542 fenum.

365 1658 563 1735 Mirarer
580 1663 654 1755 jam
668 1654 893 1759 desinamus,
908 1654 1010 1763 quod
1025 1659 1218 1738 metallum
1264 1704 1267 1709 ·

285 1760 406 1864 perse
419 1762 462 1859 ad
485 1758 745 1841 vicissitudines
763 1769 922 1839 maxime
942 1784 1123 1863 pronum,
1145 1762 1238 1857 dir-³„

284 1871 390 1953 attic,
402 1864 621 1963 dudlilitate,
643 1872 841 1944 tenacitate
856 1867 893 1945 dt
906 1862 1111 1942 elasticitate
1123 1889 1213 1969 pro·

285 1966 372 2045 deat
386 1969 493 2046 valde
516 1968 735 2073 discrepans.
760 1970 810 2048 Ea
824 1966 1021 2075 presertim
1038 1966 1213 2047 differen-

283 2078 337 2161 tia
361 2088 491 2150 notatu
509 2070 561 2149 est
584 2070 808 2173 dignatum,
837 2089 910 2175 qua
926 2070 1015 2148 illud
1035 2070 1233 2174 frigidum'v
1261 2151 1266 2173 ‚

284 2174 435 2255 extendi
449 2175 587 2281 potest,
600 2174 660 2254 sed
673 2184 760 2277 igne
776 2177 913 2269 rubens
923 2173 1103 2279 frangitur
1117 2165 1223 2283 (rid-⁵

282 2276 441 2377 arccana
465 2280 562 2358 aliud
576 2298 707 2359 contra
721 2288 786 2359 rite
800 2288 960 2383 ignitum
985 2280 1119 2357 malleo
1138 2280 1231 2371 ob·,

282 2383 377 2483 edit,
394 2382 456 2461 sed
471 2382 641 2483 frigidum
658 2390 849 2487 rimasagit
861 2387 896 2463 br
910 2388 1093 2485 rumpitur
1105 2380 1208 2476 (tatt-

279 2485 437 2589 cracina
463 2488 539 2563 hoc
553 2486 710 2588 denique
730 2493 771 2564 in
784 2508 955 2595 ,utroque
973 2482 1057 2563 casu
1081 2486 1214 2566 tratta·‘
1358 2498 1362 2506 '

279 2590 355 2671 bile
369 2584 560 2669 invenitur
573 2588 770 2699 Uandigt).

357 2798 579 2873 Crrntras
604 2794 860 2901 preparandus
877 2772 1226 2888 novusneslitdis-s
1254 2817 1258 2831 ·

278 2893 556 2979 similitudinum
579 2904 777 2998 cohortes,
811 2914 885 2978 tarn
904 2896 1068 3001 respectu
1091 2908 1204 2977 neate·
1338 2915 1341 2922 ’
1441 2957 1444 2970 ,

277 3009 341 3079 riae
357 3004 680 3105 transsonnandae,
703 3026 810 3081 antea
830 3021 1116 3081 memoratarum
1135 3028 1202 3081 ua·
1320 3077 1324 3083 .

276 3102 477 3187 riarionum
496 3116 699 3213 participis,
724 3133 832 3207 quarn
853 3103 1084 3210 processuum
1098 3105 1201 3211 adbi-

276 3210 449 3289 bitorum
475 3212 639 3317 Chalybs
661 3218 865 3311 generatim
877 3210 1025 3312 quidem
1039 3208 1200 3287 vertun-

273 3312 400 3395 dendo
429 3334 574 3413 paratur
613 3312 820 3427 (smeltstdl),
851 3315 916 3392 vel
944 3312 1211 3407 cementando'

273 3418 482 3524 (ln-instit),
507 3418 569 3497 sed
588 3420 725 3498 horum
749 3416 935 3520 quodlibet
955 3438 1073 3517 genus
1100 3442 1121 3493 a
1142 3413 1200 3493 di·

272 3517 445 3603 versitate
466 3532 625 3601 materiae
647 3523 767 3618 rudis,
797 3526 1087 3624 praeparationis,
1112 3517 1207 3600 usus'

271 3626 334 3703 vel
355 3635 622 3729 proprietatum
643 3621 919 3725 adquisiturum,
956 3621 1051 3701 adeo
1072 3626 1209 3699 multi·'

269 3730 379 3833 plicia
394 3731 559 3820 obtinuit
570 3736 743 3815 nomina,
767 3746 810 3803 ut
828 3752 871 3804 ea
893 3727 977 3802 heic
995 3748 1043 3801 eo
1061 3729 1196 3825 majori

268 3840 354 3933 jure
375 3829 519 3913 silentio
542 3830 790 3938 pretereunda
813 3826 1079 3913 existimemus,
1116 3852 1195 3929 quo

268 3942 407 4016 certius
417 3936 618 4017 frustranea
634 3939 714 4017 hec
733 3932 833 4015 fore't
854 3937 1103 4027 enumeratio,
1125 3926 1206 4010 nist·

266 4035 374 4117 srmul
396 4038 629 4145 processuum
673 4038 894 4119 adderentur
922 4032 1194 4137 descriptionen

266 4168 356 4219 narn
386 4145 494 4224 nudae
532 4148 570 4225 δι
598 4170 680 4223 non
710 4167 796 4221 raro
827 4138 1006 4237 absurdae,
1046 4162 1128 4239 que
1152 4144 1194 4217 in

263 4252 371 4359 praxi
385 4251 530 4354 vulgari
550 4246 1104 4431 oriunturkdenotuluatiuttem
1133 4248 1207 4428 ssi!

289 4384 299 4395 ·
342 4387 347 4395 ·
786 4378 810 4434 2
