<?xml version="1.0" encoding="UTF-8"?>
<!DOCTYPE html PUBLIC "-//W3C//DTD XHTML 1.0 Transitional//EN"
    "http://www.w3.org/TR/xhtml1/DTD/xhtml1-transitional.dtd">
<html xmlns="http://www.w3.org/1999/xhtml" xml:lang="en" lang="en">
 <head>
  <title>
</title>
<meta http-equiv="Content-Type" content="text/html;charset=utf-8" />
  <meta name='ocr-system' content='tesseract 3.04.00' />
  <meta name='ocr-capabilities' content='ocr_page ocr_carea ocr_par ocr_line ocrx_word'/>
</head>
<body>
  <div class='ocr_page' id='page_1' title='image "./opusculaphysica00berggoog/opusculaphysica00berggoog_0344.png"; bbox 0 0 3342 5317; ppageno 0'>
   <div class='ocr_carea' id='block_1_1' title="bbox 344 597 1252 785">
    <p class='ocr_par' dir='ltr' id='par_1_1' title="bbox 344 597 1252 785">
     <span class='ocr_line' id='line_1_1' title="bbox 344 597 1252 785; baseline -0.047 5"><span class='ocrx_word' id='word_1_1' title='bbox 344 597 350 610; x_wconf 22' lang='lat'>¹</span> <span class='ocrx_word' id='word_1_2' title='bbox 471 689 555 785; x_wconf 80' lang='lat'><strong>344</strong></span> <span class='ocrx_word' id='word_1_3' title='bbox 610 659 679 754; x_wconf 85' lang='lat' dir='ltr'><strong>De</strong></span> <span class='ocrx_word' id='word_1_4' title='bbox 697 633 1023 758; x_wconf 67' lang='lat' dir='ltr'><strong>attritionibus</strong></span> <span class='ocrx_word' id='word_1_5' title='bbox 1045 654 1252 752; x_wconf 64' lang='lat' dir='ltr'><strong>Elelit&#39;vr‘r.</strong></span> 
     </span>
    </p>
   </div>
   <div class='ocr_carea' id='block_1_2' title="bbox 407 857 1515 4376">
    <p class='ocr_par' dir='ltr' id='par_1_2' title="bbox 407 857 1515 4376">
     <span class='ocr_line' id='line_1_2' title="bbox 473 857 1398 966; baseline -0.004 -22"><span class='ocrx_word' id='word_1_6' title='bbox 473 865 610 944; x_wconf 78' lang='lat' dir='ltr'><strong>uatum</strong></span> <span class='ocrx_word' id='word_1_7' title='bbox 636 861 884 966; x_wconf 83' lang='lat' dir='ltr'><strong>phlogillicari</strong></span> <span class='ocrx_word' id='word_1_8' title='bbox 899 859 1058 963; x_wconf 81' lang='lat' dir='ltr'><strong>potest,</strong></span> <span class='ocrx_word' id='word_1_9' title='bbox 1089 885 1164 964; x_wconf 89' lang='lat' dir='ltr'><strong>ope</strong></span> <span class='ocrx_word' id='word_1_10' title='bbox 1185 857 1280 940; x_wconf 83' lang='lat' dir='ltr'>acidi</span> <span class='ocrx_word' id='word_1_11' title='bbox 1300 865 1398 941; x_wconf 78' lang='lat' dir='ltr'><strong>aerei</strong></span> 
     </span>
     <span class='ocr_line' id='line_1_3' title="bbox 471 962 1448 1068; baseline -0.008 -19"><span class='ocrx_word' id='word_1_12' title='bbox 471 977 512 1049; x_wconf 84' lang='lat' dir='ltr'><strong>in</strong></span> <span class='ocrx_word' id='word_1_13' title='bbox 548 971 648 1046; x_wconf 89' lang='lat' dir='ltr'><strong>bunc</strong></span> <span class='ocrx_word' id='word_1_14' title='bbox 685 962 825 1046; x_wconf 74' lang='lat' dir='ltr'><strong>statum</strong></span> <span class='ocrx_word' id='word_1_15' title='bbox 872 991 1102 1068; x_wconf 85' lang='lat' dir='ltr'>nequaquam</span> <span class='ocrx_word' id='word_1_16' title='bbox 1144 965 1397 1068; x_wconf 84' lang='lat' dir='ltr'><strong>redigendum.</strong></span> <span class='ocrx_word' id='word_1_17' title='bbox 1441 997 1448 1010; x_wconf 92' lang='lat'><strong>·</strong></span> 
     </span>
     <span class='ocr_line' id='line_1_4' title="bbox 471 1067 1401 1173; baseline -0.004 -23"><span class='ocrx_word' id='word_1_18' title='bbox 471 1070 684 1173; x_wconf 84' lang='lat' dir='ltr'><strong>Phlogiston</strong></span> <span class='ocrx_word' id='word_1_19' title='bbox 714 1075 799 1154; x_wconf 89' lang='lat' dir='ltr'><strong>heic</strong></span> <span class='ocrx_word' id='word_1_20' title='bbox 821 1070 1003 1150; x_wconf 85' lang='lat' dir='ltr'><strong>notabiles</strong></span> <span class='ocrx_word' id='word_1_21' title='bbox 1025 1067 1401 1167; x_wconf 62' lang='lat' dir='ltr'><strong>efficittmutationes,</strong></span> 
     </span>
     <span class='ocr_line' id='line_1_5' title="bbox 472 1169 1401 1277; baseline -0.003 -22"><span class='ocrx_word' id='word_1_22' title='bbox 472 1177 653 1276; x_wconf 87' lang='lat' dir='ltr'><strong>liquidum</strong></span> <span class='ocrx_word' id='word_1_23' title='bbox 674 1201 834 1277; x_wconf 84' lang='lat' dir='ltr'><strong>namque</strong></span> <span class='ocrx_word' id='word_1_24' title='bbox 857 1173 963 1254; x_wconf 88' lang='lat' dir='ltr'><strong>valde</strong></span> <span class='ocrx_word' id='word_1_25' title='bbox 991 1169 1129 1268; x_wconf 83' lang='lat' dir='ltr'><strong>fixum,</strong></span> <span class='ocrx_word' id='word_1_26' title='bbox 1166 1199 1300 1275; x_wconf 87' lang='lat' dir='ltr'><strong>grave,</strong></span> <span class='ocrx_word' id='word_1_27' title='bbox 1341 1181 1401 1252; x_wconf 92' lang='lat' dir='ltr'><strong>in·</strong></span> 
     </span>
     <span class='ocr_line' id='line_1_6' title="bbox 474 1273 1401 1377; baseline -0.003 -18"><span class='ocrx_word' id='word_1_28' title='bbox 474 1279 656 1376; x_wconf 87' lang='lat' dir='ltr'><strong>odorum,</strong></span> <span class='ocrx_word' id='word_1_29' title='bbox 679 1288 901 1357; x_wconf 83' lang='lat' dir='ltr'><strong>acerrimum</strong></span> <span class='ocrx_word' id='word_1_30' title='bbox 909 1299 927 1374; x_wconf 88' lang='lat'><strong>‚·</strong></span> <span class='ocrx_word' id='word_1_31' title='bbox 944 1273 989 1354; x_wconf 89' lang='lat' dir='ltr'><strong>fit</strong></span> <span class='ocrx_word' id='word_1_32' title='bbox 1002 1277 1209 1376; x_wconf 86' lang='lat' dir='ltr'><strong>elallicum,</strong></span> <span class='ocrx_word' id='word_1_33' title='bbox 1235 1279 1333 1377; x_wconf 84' lang='lat' dir='ltr'><strong>leve,</strong></span> <span class='ocrx_word' id='word_1_34' title='bbox 1349 1303 1401 1356; x_wconf 89' lang='lat' dir='ltr'><strong>eo</strong></span> 
     </span>
     <span class='ocr_line' id='line_1_7' title="bbox 473 1379 1404 1486; baseline -0.003 -25"><span class='ocrx_word' id='word_1_35' title='bbox 473 1409 591 1486; x_wconf 82' lang='lat' dir='ltr'><strong>usque</strong></span> <span class='ocrx_word' id='word_1_36' title='bbox 609 1383 779 1481; x_wconf 77' lang='lat' dir='ltr'><strong>uolatile,</strong></span> <span class='ocrx_word' id='word_1_37' title='bbox 803 1403 846 1462; x_wconf 89' lang='lat' dir='ltr'><strong>ut</strong></span> <span class='ocrx_word' id='word_1_38' title='bbox 867 1383 985 1458; x_wconf 91' lang='lat' dir='ltr'><strong>odore</strong></span> <span class='ocrx_word' id='word_1_39' title='bbox 1008 1379 1322 1485; x_wconf 79' lang='lat' dir='ltr'><strong>penetrantilllnro</strong></span> <span class='ocrx_word' id='word_1_40' title='bbox 1345 1379 1404 1458; x_wconf 78' lang='lat' dir='ltr'><strong>fe-</strong></span> 
     </span>
     <span class='ocr_line' id='line_1_8' title="bbox 474 1485 1402 1590; baseline -0.002 -26"><span class='ocrx_word' id='word_1_41' title='bbox 474 1511 517 1564; x_wconf 83' lang='lat' dir='ltr'><strong>te</strong></span> <span class='ocrx_word' id='word_1_42' title='bbox 551 1486 726 1585; x_wconf 85' lang='lat' dir='ltr'><strong>suffocet,</strong></span> <span class='ocrx_word' id='word_1_43' title='bbox 765 1488 1004 1590; x_wconf 71' lang='lat' dir='ltr'><strong>&amp;preterea</strong></span> <span class='ocrx_word' id='word_1_44' title='bbox 1033 1485 1126 1564; x_wconf 88' lang='lat' dir='ltr'><strong>adeo</strong></span> <span class='ocrx_word' id='word_1_45' title='bbox 1161 1485 1402 1584; x_wconf 86' lang='lat' dir='ltr'><strong>debilitatum,</strong></span> 
     </span>
     <span class='ocr_line' id='line_1_9' title="bbox 473 1589 1405 1694; baseline 0 -28"><span class='ocrx_word' id='word_1_46' title='bbox 473 1607 517 1670; x_wconf 91' lang='lat' dir='ltr'><strong>ut</strong></span> <span class='ocrx_word' id='word_1_47' title='bbox 556 1592 661 1668; x_wconf 89' lang='lat' dir='ltr'><strong>alkali</strong></span> <span class='ocrx_word' id='word_1_48' title='bbox 695 1590 818 1668; x_wconf 87' lang='lat' dir='ltr'><strong>eidem</strong></span> <span class='ocrx_word' id='word_1_49' title='bbox 851 1597 978 1690; x_wconf 86' lang='lat' dir='ltr'><strong>eripiat</strong></span> <span class='ocrx_word' id='word_1_50' title='bbox 1012 1591 1157 1668; x_wconf 82' lang='lat' dir='ltr'><strong>acidum</strong></span> <span class='ocrx_word' id='word_1_51' title='bbox 1186 1589 1405 1694; x_wconf 83' lang='lat' dir='ltr'><strong>vegetabile.</strong></span> 
     </span>
     <span class='ocr_line' id='line_1_10' title="bbox 472 1695 1403 1790; baseline -0.003 -17"><span class='ocrx_word' id='word_1_52' title='bbox 472 1695 573 1773; x_wconf 86' lang='lat' dir='ltr'><strong>Num</strong></span> <span class='ocrx_word' id='word_1_53' title='bbox 588 1696 822 1788; x_wconf 61' lang='lat' dir='ltr'><strong>atttaeliones</strong></span> <span class='ocrx_word' id='word_1_54' title='bbox 835 1695 997 1772; x_wconf 78' lang='lat' dir='ltr'><strong>eletlivae</strong></span> <span class='ocrx_word' id='word_1_55' title='bbox 1012 1696 1099 1770; x_wconf 87' lang='lat' dir='ltr'><strong>binc</strong></span> <span class='ocrx_word' id='word_1_56' title='bbox 1114 1701 1278 1790; x_wconf 78' lang='lat' dir='ltr'><strong>varient,</strong></span> <span class='ocrx_word' id='word_1_57' title='bbox 1301 1719 1403 1770; x_wconf 81' lang='lat' dir='ltr'><strong>non-</strong></span> 
     </span>
     <span class='ocr_line' id='line_1_11' title="bbox 473 1795 1403 1901; baseline -0.001 -26"><span class='ocrx_word' id='word_1_58' title='bbox 473 1799 562 1876; x_wconf 83' lang='lat' dir='ltr'><strong>dunt</strong></span> <span class='ocrx_word' id='word_1_59' title='bbox 575 1799 667 1874; x_wconf 88' lang='lat' dir='ltr'><strong>mibi</strong></span> <span class='ocrx_word' id='word_1_60' title='bbox 682 1805 842 1901; x_wconf 78' lang='lat' dir='ltr'><strong>experiri</strong></span> <span class='ocrx_word' id='word_1_61' title='bbox 856 1800 966 1873; x_wconf 87' lang='lat' dir='ltr'><strong>licuit.</strong></span> <span class='ocrx_word' id='word_1_62' title='bbox 1020 1797 1134 1900; x_wconf 82' lang='lat' dir='ltr'><strong>Qrod</strong></span> <span class='ocrx_word' id='word_1_63' title='bbox 1160 1795 1403 1875; x_wconf 79' lang='lat' dir='ltr'><strong>allralioasol-</strong></span> 
     </span>
     <span class='ocr_line' id='line_1_12' title="bbox 471 1897 1401 2004; baseline -0.003 -24"><span class='ocrx_word' id='word_1_64' title='bbox 471 1921 555 2000; x_wconf 89' lang='lat' dir='ltr'><strong>vat,</strong></span> <span class='ocrx_word' id='word_1_65' title='bbox 579 1901 680 2003; x_wconf 90' lang='lat' dir='ltr'><strong>quod</strong></span> <span class='ocrx_word' id='word_1_66' title='bbox 692 1903 797 1982; x_wconf 84' lang='lat' dir='ltr'><strong>alkali</strong></span> <span class='ocrx_word' id='word_1_67' title='bbox 812 1897 928 1978; x_wconf 82' lang='lat' dir='ltr'><strong>fixum</strong></span> <span class='ocrx_word' id='word_1_68' title='bbox 941 1899 1141 1980; x_wconf 83' lang='lat' dir='ltr'><strong>caullicurn</strong></span> <span class='ocrx_word' id='word_1_69' title='bbox 1159 1903 1195 1982; x_wconf 74' lang='grc' dir='ltr'><strong>δι</strong></span> <span class='ocrx_word' id='word_1_70' title='bbox 1213 1903 1294 1978; x_wconf 85' lang='lat' dir='ltr'><strong>calx</strong></span> <span class='ocrx_word' id='word_1_71' title='bbox 1307 1925 1401 2004; x_wconf 92' lang='lat' dir='ltr'><strong>pura</strong></span> 
     </span>
     <span class='ocr_line' id='line_1_13' title="bbox 407 1997 1402 2106; baseline 0.001 -23"><span class='ocrx_word' id='word_1_72' title='bbox 407 2005 412 2015; x_wconf 78' lang='grc'><em>’</em></span> <span class='ocrx_word' id='word_1_73' title='bbox 471 2007 578 2086; x_wconf 78' lang='lat' dir='ltr'><strong>elkali</strong></span> <span class='ocrx_word' id='word_1_74' title='bbox 595 2007 745 2084; x_wconf 88' lang='lat' dir='ltr'><strong>volatile</strong></span> <span class='ocrx_word' id='word_1_75' title='bbox 764 2007 968 2106; x_wconf 75' lang='lat' dir='ltr'><strong>expellant,</strong></span> <span class='ocrx_word' id='word_1_76' title='bbox 993 2011 1154 2106; x_wconf 84' lang='lat' dir='ltr'><strong>itemque</strong></span> <span class='ocrx_word' id='word_1_77' title='bbox 1176 2031 1266 2105; x_wconf 87' lang='lat' dir='ltr'><strong>aqua</strong></span> <span class='ocrx_word' id='word_1_78' title='bbox 1290 1997 1402 2084; x_wconf 79' lang='lat' dir='ltr'><strong>caleis</strong></span> 
     </span>
     <span class='ocr_line' id='line_1_14' title="bbox 473 2105 1404 2210; baseline -0.001 -23"><span class='ocrx_word' id='word_1_79' title='bbox 473 2105 694 2210; x_wconf 77' lang='lat' dir='ltr'><strong>magnesiam</strong></span> <span class='ocrx_word' id='word_1_80' title='bbox 710 2109 889 2195; x_wconf 84' lang='lat' dir='ltr'><strong>deturbet,</strong></span> <span class='ocrx_word' id='word_1_81' title='bbox 914 2107 1004 2203; x_wconf 85' lang='lat' dir='ltr'><strong>scio,</strong></span> <span class='ocrx_word' id='word_1_82' title='bbox 1026 2114 1167 2186; x_wconf 87' lang='lat' dir='ltr'><strong>interea</strong></span> <span class='ocrx_word' id='word_1_83' title='bbox 1181 2133 1297 2209; x_wconf 85' lang='lat' dir='ltr'><strong>usque</strong></span> <span class='ocrx_word' id='word_1_84' title='bbox 1311 2107 1404 2186; x_wconf 85' lang='lat' dir='ltr'><strong>dum</strong></span> 
     </span>
     <span class='ocr_line' id='line_1_15' title="bbox 474 2213 1404 2315; baseline 0 -25"><span class='ocrx_word' id='word_1_85' title='bbox 474 2215 572 2294; x_wconf 89' lang='lat' dir='ltr'><strong>ordo</strong></span> <span class='ocrx_word' id='word_1_86' title='bbox 585 2213 696 2292; x_wconf 83' lang='lat' dir='ltr'><strong>fuerit</strong></span> <span class='ocrx_word' id='word_1_87' title='bbox 709 2221 809 2292; x_wconf 90' lang='lat' dir='ltr'><strong>inter</strong></span> <span class='ocrx_word' id='word_1_88' title='bbox 822 2215 959 2312; x_wconf 88' lang='lat' dir='ltr'><strong>reliqua</strong></span> <span class='ocrx_word' id='word_1_89' title='bbox 973 2213 1202 2315; x_wconf 82' lang='lat' dir='ltr'><strong>exploratus,</strong></span> <span class='ocrx_word' id='word_1_90' title='bbox 1229 2213 1404 2290; x_wconf 85' lang='lat' dir='ltr'><strong>eumdem</strong></span> 
     </span>
     <span class='ocr_line' id='line_1_16' title="bbox 472 2316 1515 2420; baseline 0 -26"><span class='ocrx_word' id='word_1_91' title='bbox 472 2341 517 2396; x_wconf 81' lang='lat' dir='ltr'><strong>ac</strong></span> <span class='ocrx_word' id='word_1_92' title='bbox 537 2325 577 2394; x_wconf 92' lang='lat' dir='ltr'><strong>in</strong></span> <span class='ocrx_word' id='word_1_93' title='bbox 602 2342 709 2420; x_wconf 73' lang='lat' dir='ltr'><strong>pree.</strong></span> <span class='ocrx_word' id='word_1_94' title='bbox 729 2319 803 2401; x_wconf 84' lang='lat' dir='ltr'><strong>col.</strong></span> <span class='ocrx_word' id='word_1_95' title='bbox 824 2316 995 2394; x_wconf 87' lang='lat' dir='ltr'><strong>adhibeo.</strong></span> <span class='ocrx_word' id='word_1_96' title='bbox 1045 2317 1143 2394; x_wconf 85' lang='lat' dir='ltr'><strong>Sales</strong></span> <span class='ocrx_word' id='word_1_97' title='bbox 1159 2318 1345 2394; x_wconf 85' lang='lat' dir='ltr'><strong>neutrales</strong></span> <span class='ocrx_word' id='word_1_98' title='bbox 1361 2317 1403 2394; x_wconf 76' lang='lat' dir='ltr'><strong>bt</strong></span> <span class='ocrx_word' id='word_1_99' title='bbox 1514 2387 1515 2406; x_wconf 51' lang='lat'><strong>,</strong></span> 
     </span>
     <span class='ocr_line' id='line_1_17' title="bbox 472 2417 1403 2522; baseline -0.002 -22"><span class='ocrx_word' id='word_1_100' title='bbox 472 2422 585 2500; x_wconf 88' lang='lat' dir='ltr'><strong>rnedii</strong></span> <span class='ocrx_word' id='word_1_101' title='bbox 598 2419 787 2520; x_wconf 78' lang='lat' dir='ltr'><strong>terrestres</strong></span> <span class='ocrx_word' id='word_1_102' title='bbox 797 2447 884 2497; x_wconf 88' lang='lat' dir='ltr'><strong>cunr</strong></span> <span class='ocrx_word' id='word_1_103' title='bbox 900 2421 974 2497; x_wconf 90' lang='lat' dir='ltr'><strong>hoc</strong></span> <span class='ocrx_word' id='word_1_104' title='bbox 989 2417 1097 2500; x_wconf 83' lang='lat' dir='ltr'><strong>acido</strong></span> <span class='ocrx_word' id='word_1_105' title='bbox 1110 2428 1225 2522; x_wconf 83' lang='lat' dir='ltr'><strong>geniti</strong></span> <span class='ocrx_word' id='word_1_106' title='bbox 1239 2438 1312 2500; x_wconf 87' lang='lat' dir='ltr'><strong>tarn</strong></span> <span class='ocrx_word' id='word_1_107' title='bbox 1328 2445 1403 2520; x_wconf 84' lang='lat' dir='ltr'><strong>qua</strong></span> 
     </span>
     <span class='ocr_line' id='line_1_18' title="bbox 473 2522 1405 2626; baseline -0.003 -23"><span class='ocrx_word' id='word_1_108' title='bbox 473 2522 647 2625; x_wconf 77' lang='lat' dir='ltr'><strong>liguram,</strong></span> <span class='ocrx_word' id='word_1_109' title='bbox 671 2550 781 2626; x_wconf 86' lang='lat' dir='ltr'><strong>quarn</strong></span> <span class='ocrx_word' id='word_1_110' title='bbox 809 2523 996 2626; x_wconf 75' lang='lat' dir='ltr'><strong>saporem,</strong></span> <span class='ocrx_word' id='word_1_111' title='bbox 1011 2525 1179 2626; x_wconf 80' lang='lat' dir='ltr'><strong>--allaeqne</strong></span> <span class='ocrx_word' id='word_1_112' title='bbox 1201 2531 1405 2626; x_wconf 77' lang='lat' dir='ltr'><strong>proprieta-</strong></span> 
     </span>
     <span class='ocr_line' id='line_1_19' title="bbox 471 2627 1403 2730; baseline -0.004 -22"><span class='ocrx_word' id='word_1_113' title='bbox 471 2645 528 2708; x_wconf 78' lang='lat' dir='ltr'><strong>tea</strong></span> <span class='ocrx_word' id='word_1_114' title='bbox 541 2630 706 2730; x_wconf 90' lang='lat' dir='ltr'><strong>paullum</strong></span> <span class='ocrx_word' id='word_1_115' title='bbox 722 2627 924 2729; x_wconf 86' lang='lat' dir='ltr'><strong>discrepant</strong></span> <span class='ocrx_word' id='word_1_116' title='bbox 937 2629 980 2704; x_wconf 92' lang='lat' dir='ltr'><strong>ab</strong></span> <span class='ocrx_word' id='word_1_117' title='bbox 994 2630 1083 2726; x_wconf 83' lang='lat' dir='ltr'><strong>illis,</strong></span> <span class='ocrx_word' id='word_1_118' title='bbox 1108 2636 1170 2730; x_wconf 90' lang='lat' dir='ltr'><strong>qui</strong></span> <span class='ocrx_word' id='word_1_119' title='bbox 1184 2628 1327 2706; x_wconf 86' lang='lat' dir='ltr'><strong>acidum</strong></span> <span class='ocrx_word' id='word_1_120' title='bbox 1342 2633 1403 2704; x_wconf 73' lang='lat' dir='ltr'><strong>vi-</strong></span> 
     </span>
     <span class='ocr_line' id='line_1_20' title="bbox 471 2731 1403 2834; baseline 0.001 -24"><span class='ocrx_word' id='word_1_121' title='bbox 471 2734 572 2811; x_wconf 88' lang='lat' dir='ltr'><strong>ttioli</strong></span> <span class='ocrx_word' id='word_1_122' title='bbox 584 2757 717 2834; x_wconf 87' lang='lat' dir='ltr'><strong>purum</strong></span> <span class='ocrx_word' id='word_1_123' title='bbox 730 2738 939 2824; x_wconf 88' lang='lat' dir='ltr'><strong>continent,</strong></span> <span class='ocrx_word' id='word_1_124' title='bbox 957 2731 1160 2810; x_wconf 83' lang='lat' dir='ltr'><strong>differentia</strong></span> <span class='ocrx_word' id='word_1_125' title='bbox 1176 2749 1298 2809; x_wconf 84' lang='lat' dir='ltr'><strong>tamen</strong></span> <span class='ocrx_word' id='word_1_126' title='bbox 1312 2751 1403 2812; x_wconf 80' lang='lat' dir='ltr'><strong>aeta·</strong></span> 
     </span>
     <span class='ocr_line' id='line_1_21' title="bbox 471 2830 1399 2938; baseline -0.003 -23"><span class='ocrx_word' id='word_1_127' title='bbox 471 2852 510 2915; x_wconf 86' lang='lat' dir='ltr'><strong>te</strong></span> <span class='ocrx_word' id='word_1_128' title='bbox 524 2833 729 2931; x_wconf 87' lang='lat' dir='ltr'><strong>evanescit,</strong></span> <span class='ocrx_word' id='word_1_129' title='bbox 754 2860 841 2911; x_wconf 86' lang='lat' dir='ltr'><strong>nam</strong></span> <span class='ocrx_word' id='word_1_130' title='bbox 857 2830 985 2910; x_wconf 85' lang='lat' dir='ltr'><strong>senlinr</strong></span> <span class='ocrx_word' id='word_1_131' title='bbox 1009 2838 1132 2914; x_wconf 83' lang='lat' dir='ltr'><strong>avolat</strong></span> <span class='ocrx_word' id='word_1_132' title='bbox 1150 2833 1373 2938; x_wconf 81' lang='lat' dir='ltr'><strong>phlogiston.</strong></span> <span class='ocrx_word' id='word_1_133' title='bbox 1395 2891 1399 2900; x_wconf 85' lang='lat'>·</span> 
     </span>
     <span class='ocr_line' id='line_1_22' title="bbox 550 2937 1402 3037; baseline -0.006 -22"><span class='ocrx_word' id='word_1_134' title='bbox 550 2939 678 3037; x_wconf 75' lang='lat' dir='ltr'><strong>Qum</strong></span> <span class='ocrx_word' id='word_1_135' title='bbox 696 2963 789 3015; x_wconf 86' lang='lat' dir='ltr'><strong>vero</strong></span> <span class='ocrx_word' id='word_1_136' title='bbox 801 2939 944 3014; x_wconf 85' lang='lat' dir='ltr'><strong>metalla</strong></span> <span class='ocrx_word' id='word_1_137' title='bbox 960 2937 1064 3017; x_wconf 85' lang='lat' dir='ltr'><strong>laeile</strong></span> <span class='ocrx_word' id='word_1_138' title='bbox 1089 2947 1236 3037; x_wconf 83' lang='lat' dir='ltr'><strong>otnnia,</strong></span> <span class='ocrx_word' id='word_1_139' title='bbox 1264 2959 1305 3018; x_wconf 92' lang='lat' dir='ltr'><strong>ut</strong></span> <span class='ocrx_word' id='word_1_140' title='bbox 1327 2939 1402 3017; x_wconf 78' lang='lat' dir='ltr'><strong>sol.</strong></span> 
     </span>
     <span class='ocr_line' id='line_1_23' title="bbox 472 3039 1402 3146; baseline -0.001 -26"><span class='ocrx_word' id='word_1_141' title='bbox 472 3061 631 3134; x_wconf 89' lang='lat' dir='ltr'><strong>vantur,</strong></span> <span class='ocrx_word' id='word_1_142' title='bbox 666 3040 926 3139; x_wconf 85' lang='lat' dir='ltr'><strong>determinata,</strong></span> <span class='ocrx_word' id='word_1_143' title='bbox 946 3041 1021 3140; x_wconf 71' lang='lat' dir='ltr'><strong>‚sed</strong></span> <span class='ocrx_word' id='word_1_144' title='bbox 1047 3068 1120 3146; x_wconf 92' lang='lat' dir='ltr'><strong>pro</strong></span> <span class='ocrx_word' id='word_1_145' title='bbox 1138 3039 1289 3122; x_wconf 87' lang='lat' dir='ltr'><strong>diversrs</strong></span> <span class='ocrx_word' id='word_1_146' title='bbox 1309 3051 1402 3120; x_wconf 78' lang='lat' dir='ltr'><strong>into-</strong></span> 
     </span>
     <span class='ocr_line' id='line_1_24' title="bbox 472 3141 1404 3247; baseline 0.005 -26"><span class='ocrx_word' id='word_1_147' title='bbox 472 3147 570 3246; x_wconf 85' lang='lat' dir='ltr'><strong>quali</strong></span> <span class='ocrx_word' id='word_1_148' title='bbox 591 3143 762 3247; x_wconf 86' lang='lat' dir='ltr'><strong>phlogisti</strong></span> <span class='ocrx_word' id='word_1_149' title='bbox 784 3142 881 3244; x_wconf 86' lang='lat' dir='ltr'><strong>dost,</strong></span> <span class='ocrx_word' id='word_1_150' title='bbox 918 3141 988 3224; x_wconf 89' lang='lat' dir='ltr'><strong>srnt</strong></span> <span class='ocrx_word' id='word_1_151' title='bbox 1007 3147 1205 3247; x_wconf 78' lang='lat' dir='ltr'><strong>privanda,</strong></span> <span class='ocrx_word' id='word_1_152' title='bbox 1245 3154 1404 3244; x_wconf 87' lang='lat' dir='ltr'><strong>(etenim</strong></span> 
     </span>
     <span class='ocr_line' id='line_1_25' title="bbox 471 3245 1404 3350; baseline 0.001 -21"><span class='ocrx_word' id='word_1_153' title='bbox 471 3251 614 3329; x_wconf 81' lang='lat' dir='ltr'><strong>nullutn</strong></span> <span class='ocrx_word' id='word_1_154' title='bbox 639 3257 680 3329; x_wconf 85' lang='lat' dir='ltr'><strong>in</strong></span> <span class='ocrx_word' id='word_1_155' title='bbox 693 3247 787 3327; x_wconf 80' lang='lat' dir='ltr'><strong>statu</strong></span> <span class='ocrx_word' id='word_1_156' title='bbox 799 3252 970 3350; x_wconf 87' lang='lat' dir='ltr'><strong>regulino</strong></span> <span class='ocrx_word' id='word_1_157' title='bbox 986 3245 1246 3330; x_wconf 69' lang='lat' dir='ltr'><strong>andunsubu</strong></span> <span class='ocrx_word' id='word_1_158' title='bbox 1266 3259 1404 3338; x_wconf 79' lang='lat' dir='ltr'><strong>vitrio·</strong></span> 
     </span>
     <span class='ocr_line' id='line_1_26' title="bbox 471 3348 1403 3457; baseline 0.001 -24"><span class='ocrx_word' id='word_1_159' title='bbox 471 3355 519 3451; x_wconf 91' lang='lat' dir='ltr'><strong>li,</strong></span> <span class='ocrx_word' id='word_1_160' title='bbox 561 3348 629 3432; x_wconf 85' lang='lat' dir='ltr'><strong>nist</strong></span> <span class='ocrx_word' id='word_1_161' title='bbox 657 3355 719 3431; x_wconf 89' lang='lat' dir='ltr'><strong>vel</strong></span> <span class='ocrx_word' id='word_1_162' title='bbox 742 3366 809 3430; x_wconf 73' lang='lat' dir='ltr'><strong>aet</strong></span> <span class='ocrx_word' id='word_1_163' title='bbox 841 3353 1129 3449; x_wconf 85' lang='lat' dir='ltr'><strong>inflammabilis,</strong></span> <span class='ocrx_word' id='word_1_164' title='bbox 1167 3357 1230 3434; x_wconf 89' lang='lat' dir='ltr'><strong>vel</strong></span> <span class='ocrx_word' id='word_1_165' title='bbox 1250 3355 1403 3457; x_wconf 85' lang='lat' dir='ltr'><strong>acidum</strong></span> 
     </span>
     <span class='ocr_line' id='line_1_27' title="bbox 472 3453 1513 3559; baseline 0.01 -25"><span class='ocrx_word' id='word_1_166' title='bbox 472 3456 662 3558; x_wconf 82' lang='lat' dir='ltr'><strong>separetur</strong></span> <span class='ocrx_word' id='word_1_167' title='bbox 696 3454 917 3556; x_wconf 76' lang='lat' dir='ltr'><strong>aeriforme,</strong></span> <span class='ocrx_word' id='word_1_168' title='bbox 951 3457 1038 3536; x_wconf 87' lang='lat' dir='ltr'><strong>durn</strong></span> <span class='ocrx_word' id='word_1_169' title='bbox 1070 3453 1209 3559; x_wconf 84' lang='lat' dir='ltr'><strong>srngula</strong></span> <span class='ocrx_word' id='word_1_170' title='bbox 1241 3457 1401 3540; x_wconf 82' lang='lat' dir='ltr'><strong>vrcrffim</strong></span> <span class='ocrx_word' id='word_1_171' title='bbox 1512 3541 1513 3544; x_wconf 15' lang='lat' dir='ltr'><strong>t</strong></span> 
     </span>
     <span class='ocr_line' id='line_1_28' title="bbox 471 3559 1403 3667; baseline 0.006 -30"><span class='ocrx_word' id='word_1_172' title='bbox 471 3559 563 3664; x_wconf 78' lang='lat' dir='ltr'><strong>justa</strong></span> <span class='ocrx_word' id='word_1_173' title='bbox 595 3559 866 3640; x_wconf 81' lang='lat' dir='ltr'><strong>inflammabills</strong></span> <span class='ocrx_word' id='word_1_174' title='bbox 897 3567 1072 3665; x_wconf 87' lang='lat' dir='ltr'><strong>portione</strong></span> <span class='ocrx_word' id='word_1_175' title='bbox 1110 3561 1278 3667; x_wconf 86' lang='lat' dir='ltr'><strong>spoliata,</strong></span> <span class='ocrx_word' id='word_1_176' title='bbox 1317 3589 1403 3642; x_wconf 89' lang='lat' dir='ltr'><strong>non</strong></span> 
     </span>
     <span class='ocr_line' id='line_1_29' title="bbox 472 3661 1404 3768; baseline -0.001 -22"><span class='ocrx_word' id='word_1_177' title='bbox 472 3683 616 3746; x_wconf 84' lang='lat' dir='ltr'><strong>tantum</strong></span> <span class='ocrx_word' id='word_1_178' title='bbox 636 3663 777 3742; x_wconf 84' lang='lat' dir='ltr'><strong>facilius</strong></span> <span class='ocrx_word' id='word_1_179' title='bbox 790 3663 1002 3764; x_wconf 84' lang='lat' dir='ltr'><strong>solvuntur,</strong></span> <span class='ocrx_word' id='word_1_180' title='bbox 1028 3668 1137 3768; x_wconf 89' lang='lat' dir='ltr'><strong>idque</strong></span> <span class='ocrx_word' id='word_1_181' title='bbox 1153 3661 1229 3744; x_wconf 85' lang='lat' dir='ltr'><strong>fine</strong></span> <span class='ocrx_word' id='word_1_182' title='bbox 1246 3669 1404 3744; x_wconf 85' lang='lat' dir='ltr'><strong>ulterio-</strong></span> 
     </span>
     <span class='ocr_line' id='line_1_30' title="bbox 471 3766 1405 3875; baseline 0.004 -27"><span class='ocrx_word' id='word_1_183' title='bbox 471 3775 505 3848; x_wconf 87' lang='lat' dir='ltr'><strong>ti</strong></span> <span class='ocrx_word' id='word_1_184' title='bbox 524 3766 697 3875; x_wconf 69' lang='lat' dir='ltr'><strong>phlogilli</strong></span> <span class='ocrx_word' id='word_1_185' title='bbox 722 3769 886 3869; x_wconf 67' lang='lat' dir='ltr'><strong>jaelura,</strong></span> <span class='ocrx_word' id='word_1_186' title='bbox 911 3768 972 3848; x_wconf 87' lang='lat' dir='ltr'><strong>sed</strong></span> <span class='ocrx_word' id='word_1_187' title='bbox 996 3779 1105 3850; x_wconf 86' lang='lat' dir='ltr'><strong>etiam</strong></span> <span class='ocrx_word' id='word_1_188' title='bbox 1128 3777 1287 3852; x_wconf 88' lang='lat' dir='ltr'><strong>omnino</strong></span> <span class='ocrx_word' id='word_1_189' title='bbox 1307 3766 1405 3852; x_wconf 87' lang='lat' dir='ltr'><strong>suni·</strong></span> 
     </span>
     <span class='ocr_line' id='line_1_31' title="bbox 471 3870 1403 3976; baseline -0.001 -23"><span class='ocrx_word' id='word_1_190' title='bbox 471 3873 519 3953; x_wconf 84' lang='lat' dir='ltr'><strong>lia</strong></span> <span class='ocrx_word' id='word_1_191' title='bbox 547 3900 590 3950; x_wconf 89' lang='lat' dir='ltr'><strong>ac</strong></span> <span class='ocrx_word' id='word_1_192' title='bbox 619 3883 660 3950; x_wconf 80' lang='lat' dir='ltr'><strong>in·</strong></span> <span class='ocrx_word' id='word_1_193' title='bbox 690 3871 910 3976; x_wconf 69' lang='lat' dir='ltr'><strong>precedenti</strong></span> <span class='ocrx_word' id='word_1_194' title='bbox 940 3870 1023 3951; x_wconf 75' lang='lat' dir='ltr'><strong>casu</strong></span> <span class='ocrx_word' id='word_1_195' title='bbox 1058 3873 1234 3953; x_wconf 83' lang='lat' dir='ltr'><strong>exhibent</strong></span> <span class='ocrx_word' id='word_1_196' title='bbox 1267 3881 1403 3952; x_wconf 86' lang='lat' dir='ltr'><strong>vitrio·</strong></span> 
     </span>
     <span class='ocr_line' id='line_1_32' title="bbox 471 3973 1401 4079; baseline -0.002 -23"><span class='ocrx_word' id='word_1_197' title='bbox 471 3978 541 4072; x_wconf 81' lang='lat' dir='ltr'><strong>la),</strong></span> <span class='ocrx_word' id='word_1_198' title='bbox 567 3973 875 4057; x_wconf 81' lang='lat' dir='ltr'><strong>hincnecellario</strong></span> <span class='ocrx_word' id='word_1_199' title='bbox 899 3975 1082 4079; x_wconf 88' lang='lat' dir='ltr'><strong>sequitur,</strong></span> <span class='ocrx_word' id='word_1_200' title='bbox 1114 3996 1156 4055; x_wconf 90' lang='lat' dir='ltr'><strong>ut</strong></span> <span class='ocrx_word' id='word_1_201' title='bbox 1175 3980 1319 4058; x_wconf 86' lang='lat' dir='ltr'><strong>acidum</strong></span> <span class='ocrx_word' id='word_1_202' title='bbox 1341 3983 1401 4058; x_wconf 83' lang='lat' dir='ltr'><strong>ul·</strong></span> 
     </span>
     <span class='ocr_line' id='line_1_33' title="bbox 472 4080 1403 4182; baseline 0 -22"><span class='ocrx_word' id='word_1_203' title='bbox 472 4081 573 4160; x_wconf 87' lang='lat' dir='ltr'><strong>ttioli</strong></span> <span class='ocrx_word' id='word_1_204' title='bbox 592 4080 1039 4182; x_wconf 79' lang='lat' dir='ltr'><strong>phlogisticatumeadern</strong></span> <span class='ocrx_word' id='word_1_205' title='bbox 1062 4081 1124 4162; x_wconf 85' lang='lat' dir='ltr'><strong>res</strong></span> <span class='ocrx_word' id='word_1_206' title='bbox 1142 4109 1232 4162; x_wconf 89' lang='lat' dir='ltr'><strong>uere</strong></span> <span class='ocrx_word' id='word_1_207' title='bbox 1256 4083 1403 4181; x_wconf 86' lang='lat' dir='ltr'><strong>debeat,</strong></span> 
     </span>
     <span class='ocr_line' id='line_1_34' title="bbox 430 4111 1399 4314; baseline -0.004 -44"><span class='ocrx_word' id='word_1_208' title='bbox 430 4188 432 4193; x_wconf 80' lang='grc'><strong>’</strong></span> <span class='ocrx_word' id='word_1_209' title='bbox 472 4186 512 4270; x_wconf 75' lang='lat' dir='ltr'><strong>bt</strong></span> <span class='ocrx_word' id='word_1_210' title='bbox 531 4191 582 4266; x_wconf 82' lang='lat' dir='ltr'><strong>ita</strong></span> <span class='ocrx_word' id='word_1_211' title='bbox 605 4208 757 4292; x_wconf 78' lang='lat' dir='ltr'><strong>quoque</strong></span> <span class='ocrx_word' id='word_1_212' title='bbox 774 4181 858 4272; x_wconf 82' lang='lat' dir='ltr'><strong>lieri</strong></span> <span class='ocrx_word' id='word_1_213' title='bbox 876 4189 1058 4310; x_wconf 74' lang='lat' dir='ltr'><strong>nonnulla</strong></span> <span class='ocrx_word' id='word_1_214' title='bbox 1080 4111 1257 4286; x_wconf 72' lang='lat' dir='ltr'><strong>tebantur</strong></span> <span class='ocrx_word' id='word_1_215' title='bbox 1273 4204 1399 4314; x_wconf 28' lang='lat' dir='ltr'><strong>,teota-</strong></span> 
     </span>
     <span class='ocr_line' id='line_1_35' title="bbox 1282 4316 1397 4376; baseline -0.035 0"><span class='ocrx_word' id='word_1_216' title='bbox 1282 4316 1397 4376; x_wconf 70' lang='lat' dir='ltr'><strong>mma·</strong></span> 
     </span>
    </p>
   </div>
   <div class='ocr_carea' id='block_1_3' title="bbox 0 0 1676 5317">
    <p class='ocr_par' dir='ltr' id='par_1_3' title="bbox 0 0 1676 5317">
     <span class='ocr_line' id='line_1_36' title="bbox 0 0 1676 5317; baseline 0 0"><span class='ocrx_word' id='word_1_217' title='bbox 0 0 1676 5317; x_wconf 95' lang='lat' dir='ltr'><strong> </strong></span> 
     </span>
    </p>
   </div>
  </div>
 </body>
</html>
