3342 5317
478 624 559 709 454
617 595 687 689 Dc
713 592 1042 686 Astrassionibur
1063 592 1267 686 Elassivt's.

483 802 635 900 requirit
655 797 794 876 caloris‘
813 797 983 898 gradum,
1021 813 1062 874 ut
1093 801 1158 874 tali
1181 823 1266 876 raro
1284 811 1387 876 atmo-

463 903 620 1004 'sphoera
641 899 765 978 nostra
786 920 928 998 careat,
969 917 1046 980 arte
1065 918 1192 978 tamen
1211 901 1318 980 audio
1335 900 1389 976 sri-

383 1059 386 1067 ss
484 1031 579 1109 gore
606 1005 799 1108 usquead
830 1033 877 1096 40
914 1029 966 1107 gr.
1007 1001 1104 1082 infra
1133 1005 1391 1104 congelationis

482 1109 663 1212 punsium
682 1106 826 1187 suecani
848 1110 1127 1208 tlrermometri,
1159 1111 1234 1190 hoc
1258 1131 1393 1212 quoque

483 1209 725 1317 concrescere
751 1218 882 1312 incipit
900 1214 1108 1310 metallum,
1140 1237 1264 1314 eoque
1285 1216 1392 1288 conti-

427 1333 432 1342 '
483 1334 621 1398 ouante
640 1333 760 1392 totum
776 1313 933 1414 rigescit.
982 1316 1196 1416 Aliquoties
1216 1316 1396 1417 inSiberia
1466 1399 1467 1402 Ἴ

483 1420 638 1497 naturali
662 1417 804 1518 frigore
835 1422 1072 1519 congelatum
1093 1417 1196 1496 fuisse
1222 1435 1396 1496 memorat

484 1523 563 1604 Cel.
615 1522 775 1600 Petras.
827 1525 954 1620 Qualis
974 1529 1084 1624 igitur
1105 1525 1220 1624 vulgo
1240 1523 1396 1611 habetur,

481 1623 594 1720 instar
609 1620 825 1702 metallifusr
846 1623 1096 1704 consideretur
1112 1643 1284 1730 oportet,
1309 1627 1397 1704 ideo·

482 1755 556 1830 que
569 1755 683 1831 quum
703 1747 901 1809 concretus
921 1729 1191 1834 propemodum
1213 1740 1275 1808 uti·
1290 1731 1398 1834 plum·
1467 1745 1468 1816 ζ

482 1833 572 1933 bum
603 1834 736 1910 malleo
766 1832 930 1923 obediat,
983 1835 1225 1914 semimetallis
1253 1841 1397 1928 minime

482 1937 716 2032 adnumerari
743 1935 871 2035 debet,
923 1938 1086 2039 alioquin
1114 1945 1240 2041 omnia
1271 1935 1400 2040 fragilia

436 2125 440 2131 .
482 2036 598 2136 fient‚'
633 2041 775 2117 nullum
813 2049 914 2120 enim
950 2067 1022 2148 ope
1053 2046 1149 2146 ignis
1171 2029 1400 2146 liguesaslum

483 2140 537 2254 cst
552 2143 765 2222 malleabile.

556 2320 731 2426 Acrouli
771 2347 846 2426 sebi
883 2342 1079 2453 primatum
1112 2367 1232 2450 tenet,
1274 2356 1399 2456 quippe

483 2451 585 2634 pund
606 2457 672 2532 alia
702 2451 876 2555 &ipsum
898 2459 1133 2534 muriaticum
1153 2453 1312 2551 divellit,
1346 2456 1399 2530 cui
1469 2543 1470 2548 Ἰ

501 2558 665 2635 ecundus
694 2563 873 2659 competit
900 2557 1015 2634 locus.
1082 2557 1203 2636 Acida
1233 2555 1399 2649 facultati,

482 2660 707 2756 acetosellae‚
749 2661 908 2754 succini,
929 2659 933 2666 ’
954 2657 1107 2739 arsenici
1135 2664 1171 2741 cc
1203 2661 1399 2765 phosphori

482 2766 708 2844 vitriolicum
740 2767 778 2844 &
807 2761 986 2842 nitrosum
1017 2785 1166 2866 promte
1203 2768 1398 2869 expellunt,

388 2927 391 2935 .
482 2871 648 2969 caseique
678 2865 901 2972 hydrargyri
932 2875 1036 2948 unita
1068 2865 1224 2946 fundum
1260 2887 1399 2972 petunt,

365 2997 369 3003 ·
481 2977 583 3050 inter
614 2968 649 3048 se
679 2990 803 3048 tamen
823 2978 939 3049 'vires
978 2972 1195 3049 eorumdem
1235 2971 1398 3050 nondum

481 3073 566 3153 satis
587 3090 806 3177 comparate
825 3071 926 3150 sunt:
957 3073 1099 3152 acidum
1120 3073 1285 3154 sacchari
1309 3075 1399 3156 latiis

437 3258 440 3263 ,
483 3177 759 3283 hydrargyrum
777 3177 969 3274 deturbat,
995 3185 1189 3258 muriatico
1205 3181 1326 3278 cedit,
1346 3175 1400 3254 sed

482 3291 706 3362 numeriam
730 3282 920 3362 uitriolico
943 3281 1248 3386 fortioribusque,
1285 3279 1399 3360 haete-

481 3412 554 3467 nus
585 3392 795 3486 ignoratur:
835 3383 982 3464 acidum
1007 3393 1093 3484 citri
1117 3387 1143 3466 h
1173 3385 1399 3492 drargyrum‚

481 3488 614 3590 frigide
635 3487 777 3565 nitroso
800 3486 982 3586 solutum,
1021 3414 1172 3590 copiolll
1193 3498 1399 3596 praecipitat,

481 3591 571 3671 illud
612 3616 705 3669 vero
744 3617 873 3692 parce,
911 3591 1012 3692 quod
1044 3593 1243 3691 adjpvante
1284 3595 1398 3671 calore

252 3691 258 3699 ’
394 3710 398 3727 ·
481 3691 711 3788 menstruum
735 3696 862 3794 subiit,
895 3699 932 3778 se
958 3692 1120 3778 similiter
1144 3697 1180 3778 se
1201 3695 1314 3780 habet
1334 3701 1399 3774 aci·

482 3797 571 3874 dum
593 3803 737 3895 tartari,
763 3799 902 3901 dequo
924 3803 1100 3902 praeterea
1121 3799 1280 3896 constat,
1306 3797 1398 3901 quod
1470 3875 1471 3892 2

481 3902 567 3986 heic
587 3903 775 3980 vitriolico
799 3905 922 3995 cedat:
947 3903 1093 4005 acidum
1116 3903 1246 4004 fluoris
1264 3899 1397 3980 nitroso

482 4003 639 4088 debilius
660 4003 732 4087 esse
764 4007 928 4088 videtur:
968 4006 1114 4085 acidum
1149 4006 1397 4100 formicarum,

483 4106 574 4196 teste
589 4105 669 4193 cet.
684 4111 940 4215 Marsorum
956 4114 1094 4196 calcem
1109 4133 1190 4196 non
1204 4111 1325 4208 solvit,
1338 4107 1398 4292 t{etl

1296 4241 1336 4296 rc
1360 4238 1396 4291 u·
