3342 5317
379 647 387 672 ⁸
514 689 584 804 De
612 695 777 835 Andlyst
794 695 931 806 Ferri·
1134 725 1203 835 97

260 895 323 994 lata'
375 893 570 992 Gradualis
583 915 729 1018 quidem
742 918 828 995 heic
843 922 1007 997 occurrit
1019 910 1189 998 duseren-

260 1025 334 1116 tia,
364 1017 426 1096 sed
448 1015 578 1096 nostro
600 1017 787 1124 proposito
817 1021 985 1100 nondum
1008 1018 1209 1126 proficua,·.
1498 1066 1499 1077 t

259 1121 425 1248 ideoque
442 1123 541 1212 hane
560 1125 669 1202 telam
690 1123 920 1230 abrupimus,
945 1128 1050 1205 aliam
1070 1142 1190 1206 tenta·
1211 1147 1214 1154 ’

260 1243 337 1304 tun
364 1236 475 1306 viam.

339 1373 397 1478 Β)
421 1374 621 1458 Novrnua
659 1373 975 1493 furunculum,
1005 1377 1113 1462 acido
1132 1387 1192 1464 vi·

258 1486 410 1566 triolico
426 1482 606 1583 solutum,
623 1489 812 1564 vitriolunt
833 1493 1044 1588 porrigere,
1057 1495 1097 1566 in
1111 1513 1190 1590 quo

257 1589 453 1670 molecube
462 1585 598 1676 ferree
613 1583 864 1668 inflatnmabili
881 1591 1084 1669 reducente
1104 1591 1190 1676 sunt

256 1689 432 1794 spoliatae.
459 1693 548 1772 Hoc
562 1691 992 1778 vittioloiterurnloluto
1005 1695 1189 1774 &invase

257 1796 384 1897 amplo
406 1801 485 1874 adri
509 1789 696 1898 expositor
722 1795 893 1876 videmur
912 1798 1051 1880 clarum
1071 1799 1191 1900 liquo·

255 1922 339 1982 rern
361 1905 436 1976 nito
461 1897 599 1974 turbari
624 1899 810 2004 particulis
840 1901 1050 1989 ochraceis‚
1083 1901 1187 2002 quod
1314 1969 1323 1994 ‚
1351 1889 1391 2005 ',

253 1995 339 2082 non
352 1999 483 2081 definit
500 2012 620 2106 prius,
647 2026 756 2104 quarn
776 2020 881 2082 totus
905 2002 1029 2105 liquor
1048 2011 1089 2080 in
1110 2005 1188 2082 lixi·

254 2101 385 2206 bitror,
408 2103 746 2209 crystallisationent
767 2105 958 2205 recusans,
988 2107 1103 2184 luerit
1129 2132 1188 2186 re·

251 2209 405 2292 totums.
456 2211 563 2288 Ratio
578 2210 662 2288 alibi
679 2206 732 2306 est
745 2208 969 2312 expositae).
1013 2212 1111 2289 Heio
1122 2218 1187 2290 ita·

254 2337 331 2418 que
346 2315 536 2392 ulterioris
562 2309 937 2414 dephlogistieationir
954 2313 1187 2396 luculentutlr

252 2413 424 2498 occurrit
439 2413 661 2519 exemplum.
693 2417 945 2516 Qridinuase
958 2416 1099 2512 clario,
1122 2419 1188 2496 ad·

249 2526 408 2624 juvante
428 2522 651 2600 ebrdlitionis
671 2520 781 2622 albu,
821 2529 987 2620 eveniat,
1025 2519 1184 2623 sequena
1273 2606 1276 2614 ,

251 2627 370 2706 docet
387 2631 691 2730 experimentum.

331 2775 424 2858 Err.
454 2788 530 2872 263.
581 2773 728 2858 Vinioli
749 2778 877 2860 mattb
899 2773 1017 2882 probe
1034 2773 1186 2886 crystal-

249 2883 381 2981 lisati4
399 2889 639 2983 centenariis,
665 2905 757 2985 aqua
777 2881 924 2979 solutis,
945 2884 1098 2985 globum
1122 2907 1183 2989 ap·
1248 2883 1260 2910 ⁸

249 3007 399 3095 parante
419 3006 529 3068 antea
556 2983 724 3091 descripti
755 2985 806 3091 (d.
834 2983 986 3087 111,A)
1015 2988 1185 3091 implevi.
1259 3018 1262 3033 ·

249 3121 360 3193 ntus,
391 3101 452 3196 qui
470 3094 586 3171 calori
607 3120 671 3169 roo
692 3091 873 3192 graduum
899 3087 1107 3193 expositus,
1139 3093 1190 3168 lia
1296 3128 1298 3132 >

248 3204 382 3302 quorir
399 3204 545 3277 circiter
562 3193 751 3274 dimidium
774 3203 1012 3294 exoneravit,
1039 3220 1116 3295 quo
1127 3193 1185 3273 fa·

249 3303 334 3401 ἂο,
360 3303 513 3380 alterurn
527 3298 717 3376 dimidium
733 3316 799 3402 per
817 3297 922 3374 hora}
942 3300 1184 3398 quadrantem
1348 3335 1354 3355 ι

247 3407 441 3502 ebullivit,
475 3411 615 3482 interea
644 3421 768 3478 tamen
796 3403 890 3480 nihii
917 3410 1033 3503 magis
1062 3396 1185 3479 emisit

249 3516 376 3609 aerei,
413 3532 521 3610 quarn
542 3504 642 3608 quod
666 3527 767 3604 aque
794 3503 973 3586 destillare
1000 3503 1184 3582 inherere

246 3613 363 3706 solet,
395 3613 498 3716 quod
518 3607 758 3688 nullomodo
782 3606 1002 3692 inflammati
1023 3625 1182 3710 poterae

246 3719 395 3820 Liquor
414 3715 628 3796 turbabatur
649 3712 687 3788 ἃ
709 3704 865 3790 cessante
888 3711 1052 3809 ejusdem
1074 3730 1182 3789 motu
1252 3741 1259 3752 ·

247 3823 368 3902 ochra
389 3819 537 3923 copiosa
557 3812 823 3920 deponebatur.
883 3814 979 3892 Tale
999 3813 1183 3893 sedimen.

246 3943 332 4008 tum
346 3923 491 4018 flavour
502 3929 614 4003 etiarn
632 3918 834 4004 secernitur
853 3913 931 4000 stne
951 3917 1180 4018 ebullitione,

729 4027 733 4034 '
1056 4025 1178 4115 revel
1250 4111 1260 4118 ..

311 4175 354 4286 r)
373 4201 481 4298 Opust.
501 4197 572 4274 rol.
595 4203 628 4281 l,
655 4215 721 4290 pap.
745 4213 806 4284 λι’μ.

286 4351 691 4446 ΒοηθεῶγυίωθοΙᾹΠ.
857 4328 899 4418 0
