3342 5317
504 645 586 743 im
639 751 643 764 p
700 639 770 736 De
798 636 948 732 Sirmio
973 641 1234 767 Sulphuraio.

409 839 412 847 ’
504 866 508 875 ·
581 844 627 940 G)
649 843 795 923 Puuvre
811 843 910 922 idem
926 845 1028 924 albus
1047 843 1118 926 sale
1139 842 1429 924 microcosmico

503 975 603 1055 aegre
632 947 857 1041 solvebatur,
898 951 1087 1049 globulum
1117 958 1282 1028 vitreum
1308 956 1431 1051 porri·

503 1054 786 1156 gemeticum,
811 1059 874 1152 qui
887 1051 952 1130 sub
970 1052 1249 1156 refrigeratione
1265 1053 1429 1147 maculas

503 1161 634 1236 rubras
651 1157 910 1255 contrahebat,
941 1155 1133 1260 presertim
1149 1166 1189 1234 in
1208 1155 1429 1258 hemisphe-

502 1270 562 1342 rio
583 1259 779 1358 inferiore,
803 1261 1004 1341 carbonem
1023 1265 1248 1363 tangente&
1267 1261 1355 1338 ideo
1371 1281 1428 1338 ca·

500 1365 621 1446 iorem
634 1359 958 1444 diutrusservante.

580 1469 643 1564 D)
670 1467 811 1548 Coma
842 1469 953 1546 ruber
979 1475 1020 1546 in
1041 1466 1193 1567 globulo
1214 1491 1286 1572 pro
1307 1465 1427 1545 lubim

314 1639 317 1652 '
501 1570 1428 1777 illitam{litltillsstlii

501 1782 741 1860 calcinantem
764 1732 918 1882 gene’rat
939 1787 1085 1880 ignem,
1128 1775 1302 1881 sphaerula
1327 1795 1427 1856 torta

428 1943 433 1960 t
500 1886 641 1964 nullum
653 1881 801 1960 eadribet
812 1882 1006 1982 ruborem,
1042 1890 1221 1961 exteriori
1242 1909 1335 1962 uero
1359 1883 1427 1960 de·

499 1985 623 2065 biliori
642 1988 679 2066 ac
699 1987 892 2066 calcitranti
923 1983 1084 2087 exposita
1108 1989 1276 2064 colorem
1297 1987 1426 2064 denuo

499 2091 693 2168 contrahit
740 2086 811 2166 Hae
827 2087 1090 2170 viciffitudmee
1107 2090 1280 2193 quamdiu
1303 2092 1426 2195 placet

498 2197 680 2272 alternare
698 2189 852 2293 polluat.
889 2261 893 2267 .
1094 2236 1098 2242 ,

570 2301 621 2390 E)
647 2297 748 2372 luera
768 2296 865 2376 valet
883 2295 1085 2379 decolore
1107 2295 1243 2380 lacteo,
1284 2303 1422 2399 quippe

497 2407 565 2502 qui
589 2400 768 2478 interiore
792 2397 938 2478 flamma
966 2409 1110 2503 penitus
1139 2400 1252 2478 deleri
1284 2401 1421 2502 potest,

497 2504 592 2594 adeo
622 2521 662 2581 ut
691 2502 862 2604 globulus
894 2501 1003 2580 inllar
1027 2503 1204 2605 puriffimi
1230 2509 1317 2582 uitri
1343 2500 1422 2582 fine

497 2613 603 2686 omni
621 2605 737 2686 tinctu
753 2610 944 2708 perluceat.
988 2607 1111 2684 Paullo
1134 2607 1311 2685 debiliore
1330 2617 1420 2710 igne

495 2707 1036 2812 semiperluciditasopalescens
1055 2716 1183 2788 oritur.
1221 2712 1420 2790 Exteriore

496 2811 643 2922 flamma
664 2819 823 2916 opacitas
836 2813 933 2910 alba,
956 2821 1100 2913 quoties
1118 2816 1262 2936 placet,
1287 2815 1416 2913 redit.¹

418 3005 421 3010 ¹
577 2916 1421 3020 Qumallatasuntluculenterindicantlulphur

494 3017 585 3118 (A),
603 3019 769 3097 stannum
784 3023 863 3119 (B,
880 3022 929 3119 C,
941 3023 1018 3118 E),
1034 3027 1197 3122 itemque
1218 3023 1418 3122 pauxillum

347 3134 351 3154 '
494 3130 598 3226 cupri
614 3124 677 3222 (C,
702 3121 852 3218 D),sed
864 3131 904 3202 in
923 3122 1137 3201 ulteriorem
1156 3121 1417 3203 'confimatio-

493 3249 581 3409 rpem
607 3226 810 3330 synthetica
833 3229 1011 3309 nonnulla
1032 3226 1233 3305 tentamina
1250 3227 1334 3310 sunt
1359 3237 1417 3306 in·

526 3335 625 3409 itura.
710 3372 714 3378 ·
1142 3367 1145 3374 ·
1329 3364 1336 3383 ⁸

564 3437 612 3527 F)
640 3427 839 3510 Srauuuu
871 3459 919 3508 ex
953 3458 1045 3534 aqua
1082 3442 1182 3538 regis
1213 3459 1283 3532 ope
1313 3435 1415 3513 alkali

445 3599 449 3610 .
485 3531 556 3614 *fixi
577 3537 828 3636 deturbatum,
853 3536 970 3639 probe
1007 3540 1127 3638 lotum
1157 3539 1195 3615 ba
1228 3535 1414 3636 siccatum,

468 3638 557 3747 ¹sale
581 3639 864 3721 microcosmioo
884 3639 1126 3738 fundebatur,
1153 3640 1254 3742 quod
1273 3638 1412 3719 fortem

487 3743 689 3846 postulabat
700 3755 836 3846 ignem.
886 3743 1072 3828 Globulus
1085 3745 1228 3840 tandem
1244 3743 1414 3845 adquire-

487 3847 595 3926 batur
617 3851 774 3947 latleus‚
801 3855 922 3952 quiin
949 3850 1122 3926 omnibus
1142 3847 1179 3922 se
1193 3847 1334 3947 gellus
1359 3857 1412 3925 uti

487 3966 593 4029 antea
606 3951 824 4054 descriptum
840 3959 1021 4053 reperitur
1044 3953 1111 4049 (C,
1133 3956 1212 4050 E),
1231 3950 1293 4051 sed
1314 3954 1412 4032 null-a

375 4067 376 4076 ‘
485 4055 588 4130 rubri
600 4057 737 4135 coloris
751 4055 899 4157 vestigia
912 4063 1083 4133 extricari
1097 4071 1312 4157 potuerunt,
1326 4081 1411 4135 nam
1503 4120 1504 4143 p

485 4159 577 4237 nihil
592 4167 694 4265 cupri
714 4161 927 4240 continebat
949 4157 1127 4242 starium
1221 4204 1348 4358 &G
1502 4148 1505 4331 p

1349 4283 1408 4340 eo·
