3342 5317
504 755 578 858 316
623 743 693 844 Dc
732 709 1056 839 Allrali'iom'bus
1096 733 1305 838 Eleativts.

501 959 557 1034 cis
596 945 844 1031 samratillima
879 946 1043 1050 ejusdem
1085 949 1309 1048 voluminis,
1347 963 1429 1028 tan-

501 1075 582 1138 mm
621 1062 735 1136 calcis
763 1053 898 1135 fovere
938 1071 1121 1156 nequeat,
1159 1055 1322 1158 alioquin
1356 1055 1430 1134 dici

529 1159 646 1259 otest,
695 1159 770 1238 uod
785 1157 989 1238 calcareum
1005 1164 1045 1236 in
1067 1155 1252 1237 solutione
1266 1159 1361 1236 clara
1381 1159 1430 1236 al-

385 1250 390 1267 ’
549 1261 643 1342 lisata
667 1187 711 1342 gt
729 1287 860 1342 revera
878 1259 1087 1340 solutum&
1109 1288 1189 1340 non
1205 1260 1428 1366 suspensum.

500 1363 540 1448 Si
557 1367 731 1448 solutioni
751 1367 856 1445 clarae
878 1362 1065 1444 alkalisatoe
1087 1373 1195 1444 unica
1216 1383 1319 1466 gutta
1347 1365 1431 1446 salis

500 1472 646 1554 alkalini
695 1479 808 1550 aerati
856 1467 1047 1547 instillatur
1088 1465 1165 1548 fine
1209 1477 1429 1572 agitatione,
1504 1549 1505 1580 q

499 1599 591 1655 mox
622 1575 812 1656 nubeculae
844 1573 932 1650 alboe
974 1581 1014 1650 in
1045 1573 1282 1677 conspellum
1321 1581 1429 1653 veni·
1504 1589 1505 1668 g

498 1699 590 1780 unt,
629 1677 799 1760 flantem
821 1677 967 1780 aequalis
988 1691 1090 1776 gutta
1110 1675 1343 1755 immiscetur
1365 1695 1429 1757 to·
1504 1685 1505 1704 ¹

496 1797 571 1865 tam
587 1777 782 1888 quaffando
801 1779 968 1880 niallam,
992 1781 1072 1858 haec
1095 1781 1331 1862 nullomodo
1347 1797 1427 1860 tur-

496 1888 623 1988 batur,
648 1912 735 1966 nam
749 1903 879 1965 motus
895 1883 1067 1984 impedit,
1093 1885 1427 1982 neimoleculaese-

494 2010 629 2100 paratae
649 1988 854 2070 coalescere
878 1987 1023 2092 poffint.
1088 1987 1144 2068 En
1175 1997 1287 2092 igitur
1306 1991 1426 2068 calca·

495 2121 603 2174 reum
623 2113 728 2174 certo
750 2091 966 2196 suspensum.
1033 2091 1114 2184 Jam
1142 2093 1425 2174 contradicendi

494 2201 718 2282 ratiunculas
731 2195 883 2278 sublatas
905 2195 1023 2302 spero.

878 2392 911 2490 q.
938 2387 1030 2466 vul.

493 2523 731 2638 Anomaliae
747 2573 807 2632 ex
827 2541 972 2656 copula
995 2528 1121 2630 trium
1142 2547 1423 2634 materiarum.

566 2711 803 2788 Nonnulla
821 2718 979 2786 materiae
1003 2716 1081 2812 ejus
1100 2709 1182 2788 sunt
1196 2711 1353 2809 indolis,
1380 2725 1423 2790 ut

492 2814 700 2898 coalescant
713 2833 789 2892 tres
814 2811 890 2892 sine
912 2811 1123 2891 exclufione
1138 2816 1258 2894 ullius.
1309 2819 1420 2894 Unio

491 2944 628 3022 nempe
671 2917 828 2996 duarum
876 2925 925 2995 ita
965 2917 1243 2998 determinatam
1283 2926 1420 3019 tertio,

489 3031 608 3103 immo
637 3021 823 3099 interdum
849 3020 1010 3122 plurium
1038 3027 1278 3125 quantitatem
1305 3049 1419 3128 appe·

489 3135 553 3223 tit,
578 3144 620 3204 ut
640 3120 835 3203 attiiffimo
859 3123 1129 3205 conneelantur
1148 3129 1323 3223 vinculo,
1349 3136 1418 3206 vix

489 3233 562 3309 ulla
584 3230 674 3308 dein
701 3243 780 3306 arte
803 3228 1023 3332 rumpendo.
1089 3231 1195 3308 Viam
1222 3237 1261 3307 in
1285 3239 1417 3333 primis

486 3333 621 3416 siccam
634 3333 711 3411 hoc
725 3339 862 3436 premit
874 3333 1169 3426 incommodum,
1192 3352 1299 3411 terrae
1313 3361 1417 3413 nam-

485 3451 559 3546 que
580 3460 655 3518 tam
676 3442 861 3536 inuicem,
884 3463 992 3540 quam
1015 3461 1101 3513 cum
1121 3435 1251 3517 sallbus
1272 3445 1414 3540 mixtae,

484 3538 752 3646 colliquescunt
764 3541 899 3643 absque
915 3537 1141 3638 exclusione,
1166 3541 1268 3644 quod
1282 3542 1413 3622 itidem

482 3649 531 3727 de
557 3649 740 3752 plerisque
766 3646 865 3723 valet
892 3645 1054 3726 metallis.
1116 3645 1208 3724 Non
1236 3647 1412 3748 equidem

476 3756 523 3843 ,A
540 3749 668 3854 oequali
690 3751 879 3828 attrahunt
899 3755 938 3826 vi
957 3779 979 3828 a
999 3749 1036 3828 δι
1058 3749 1098 3848 b,
1128 3747 1189 3826 sed
1208 3759 1333 3854 potius
1351 3753 1412 3832 Aa

482 3879 569 3932 cum
595 3855 637 3953 b,
674 3851 737 3930 vel
761 3851 819 3934 At
847 3877 934 3930 cum
956 3883 981 3931 a
1004 3847 1205 3932 firmiffime
1232 3857 1412 3963 copulan-

425 4015 433 4040 .
481 3973 563 4055 tur,
596 3955 697 4058 quod
716 3973 840 4034 tamen
860 3983 938 4034 non
958 3963 1008 4034 im
1037 3958 1129 4056 edit,
1163 3969 1365 4058 quominus
1385 3987 1409 4038 a

481 4063 699 4140 attraliione
729 4059 883 4140 eleeliva
910 4087 977 4164 per
1003 3983 1164 4164 sspoffit
1191 4067 1242 4172 τῷ
1269 4063 1407 4166 bprae-

478 4167 639 4268 pollere,
678 4165 764 4240 lieet
792 4171 975 4242 unionum
1013 4168 1239 4266 particularis
1273 4185 1408 4247 natura

480 4263 731 4378 aclufionem
752 4269 938 4373 impedio
981 4269 1105 4349 Alkali
1124 4271 1296 4361 uolatile,
1317 4279 1406 4454 daci-

1343 4401 1407 4454 um
