3342 5317
494 741 573 852 '268
667 743 750 884 Dr
769 737 990 836 Protunts
1010 742 1243 838 Vulcanus.

567 951 768 1028 Norauus
786 952 909 1049 itaque
922 951 1102 1048 primum,
1127 947 1423 1049 quodalkalina·

495 1059 614 1132 tivum
628 1045 1085 1154 interdumimpedeilum
1109 1061 1318 1153 apparuerit
1337 1062 1422 1154 qui·

491 1158 644 1237 busdam
667 1151 897 1249 amictibus,
919 1179 1007 1230 nam
1028 1155 1066 1232 ἃ
1089 1179 1185 1260 aegre
1207 1163 1247 1232 in
1269 1156 1422 1260 crystal-

489 1266 548 1342 los
569 1259 706 1364 redigi,
747 1261 784 1340 &
809 1257 962 1337 debilius
985 1275 1099 1338 terras
1122 1259 1336 1356 deturbare,
1381 1264 1422 1342 δι

490 1389 577 1444 cum
606 1363 719 1442 acidis
750 1363 837 1441 sales
859 1361 1033 1439 exhibere
1053 1364 1256 1462 neutrales,
1298 1364 1343 1440 ab
1374 1371 1420 1444 iis

488 1465 765 1572 quodammodo
781 1463 966 1561 diversos,
990 1463 1232 1568 quiperfedlo
1262 1485 1424 1570 prome-j

487 1595 617 1670 antur,
642 1570 863 1648 adseverant.
905 1567 1062 1646 Acidum
1080 1573 1220 1647 vitrioli
1236 1590 1321 1648 cum
1336 1569 1423 1651 hou'

395 1681 404 1709 “
487 1678 612 1764 tr'lkali,
649 1675 830 1752 mediante
853 1698 944 1772 aqua
968 1670 1140 1749 destillata
1161 1672 1282 1752 soluto
1305 1673 1417 1756 filtra·

487 1799 602 1882 toque
617 1785 851 1880 copulatum,
868 1776 974 1854 salem
991 1776 1140 1854 exhibet
1155 1777 1414 1860 Glauberiano

352 1943 354 1950 .
487 1885 636 1986 quidem
652 1881 824 1980 fimilem,
860 1877 921 1956 sed
940 1876 1017 1959 non
1035 1877 1160 1958 errasse
1177 1892 1413 1962 convenien-

485 2007 583 2087 tem,
623 1989 793 2088 idemque
822 1985 927 2061 valet*
945 1983 990 2060 de
1013 1983 1145 2063 eodem
1167 1987 1281 2064 acidis
1305 1988 1408 2088 nitri,

483 2101 610 2170 muriae
628 2095 665 2170 ὅτ
686 2098 779 2166 aceri
803 2087 965 2165 destillari
985 2087 1156 2166 adunato.
1223 2091 1315 2167 Haee
1339 2087 1411 2168 dif-

481 2196 637 2296 ferentia
667 2220 714 2272 ex
743 2195 1000 2300 heterogeneis
1022 2199 1259 2294 pertinaciter
1284 2193 1407 2272 eidem

481 2299 747 2376 adhaerentibus
785 2293 985 2372 derivanda
1022 2295 1188 2394 videtur,
1227 2305 1408 2379 novimus

480 2411 583 2498 enim
605 2402 730 2510 tribus
760 2399 974 2504 pluribusve
995 2407 1153 2480 materiis
1173 2399 1268 2481 adeo
1288 2410 1407 2479 inter-

479 2505 568 2604 dum
598 2506 736 2583 ardum
764 2509 932 2604 generari
952 2527 1111 2601 nexum,
1149 2524 1193 2582 ut
1217 2507 1406 2600 methodis
1506 2562 1507 2575 ,

480 2607 663 2686 consuetis
678 2605 943 2710 separationem
959 2604 1127 2710 respuant
1142 2613 1185 2706 c).
1224 2607 1405 2688 Ceterum
1506 2602 1507 2619 ἢ

480 2714 566 2790 heic
581 2719 654 2790 vim
672 2709 760 2787 ferri
774 2705 988 2788 memorab'e
999 2712 1150 2808 juvabit.
1197 2713 1284 2789 Hoc
1298 2739 1406 2790 nam·

470 2839 552 2918 ·que
574 2815 758 2908 metallum
781 2809 965 2890 solutione
986 2821 1112 2893 muriae
1129 2814 1280 2915 illitum,
1319 2816 1404 2919 post

475 2917 623 3018 aliquod
638 2937 782 3018 tempus
808 2909 905 2991 halin
928 2915 1120 2995 alkalinam
1144 2919 1299 2999 liberam
1314 2946 1403 3021 pro·
1504 2948 1505 2955 ¹

476 3030 565 3118 mit,
589 3029 726 3122 pruinae
748 3017 858 3096 instar
879 3017 1179 3099 efflorescentem.
1231 3023 1301 3099 Sed
1323 3025 1401 3103 hoc

473 3124 612 3232 fidium
642 3122 810 3201 nondum
840 3147 910 3224 qua
941 3122 1081 3200 causam
1110 3127 1203 3203 mihi
1235 3124 1401 3230 perscru-
1503 3136 1504 3155 ³

475 3237 543 3308 tari
566 3231 689 3324 licuit,
728 3235 868 3304 interea
889 3227 978 3303 hlnc
1000 3228 1162 3305 medium
1183 3229 1398 3333 innotescit,

473 3353 550 3436 quo
568 3339 687 3409 muria
717 3330 1022 3432 decomponitur,
1064 3331 1164 3433 quod
1184 3329 1261 3411 stne
1282 3335 1396 3414 dubio

470 3444 511 3515 in
529 3437 677 3540 Naturae
691 3434 839 3532 officina
859 3432 1005 3511 nonest
1024 3433 1245 3537 solitarium,
1271 3439 1309 3516 az
1322 3441 1396 3517 alio

470 3559 639 3644 tempore
659 3541 804 3618 idoneis
823 3544 1084 3640 experimentis
1101 3549 1218 3643 magis
1243 3539 1396 3623 illustra·

469 3649 549 3724 t'um
562 3643 796 3748 proditurum
810 3639 928 3746 spero
1206 3675 1212 3688 ·

481 3869 485 3876 .
544 3799 592 3893 C)
605 3795 734 3880 Attali
759 3786 913 3877 minuati
935 3778 1137 3892 ultrinlaium
1161 3799 1319 3878 Vulcani
1335 3805 1395 3879 in·

467 3902 743 4004 terdum'opera
762 3897 1017 3997 constituitur,
1039 3900 1150 4000 idque
1169 3906 1304 4004 triplici
1320 3912 1394 4004 via,

466 4009 529 4092 vel
548 4012 649 4086 enim
677 4003 824 4084 acidum
843 4005 981 4081 vitrioli
1008 4004 1164 4084 liberum
1195 4008 1392 4188 aliquppkdp

373 4199 377 4216 '
479 4157 484 4175 ¹
509 4185 603 4290 01),v
626 4183 839 4275 ῦιοᾸΝΕΤΤῙ
867 4186 1044 4277 hoc'allrali
1070 4213 1280 4300 imperfedlum
1311 4214 1391 4280 nihil

500 4383 502 4390 y
523 4349 526 4358 ,
550 4293 634 4367 aliud
649 4296 706 4365 elie
728 4303 835 4384 urget,
856 4293 1045 4389 quamealcts
1060 4304 1089 4366 ἀ
1105 4298 1209 4369 mune
1230 4299 1390 4370 misenam.
