3342 5317
460 643 546 730 340
601 613 670 708 De
684 607 1008 710 Attrabi'ioar'lras
1031 605 1239 706 Elalla'ut'a

456 825 683 902 mercurium
696 817 933 915 calunantm,
957 823 1023 920 qui
1036 819 1151 920 vulgo
1165 813 1279 920 perse
1294 823 1384 920 prul

458 930 627 1029 clpitatus
644 937 822 1020 vocatur,
837 920 987 1023 copiose
998 918 1209 1025 suscipiebat
1224 915 1302 998 stne
1314 921 1382 998 cla-

458 1035 573 1120 ritatis
586 1024 785 1129 dispendio.
834 1023 961 1104 Postea
983 1047 1031 1124 cu
1058 1029 1102 1103 'ro
1127 1024 1273 1105 acidum
1297 1029 1384 1102 nitri

457 1130 604 1230 satiavi,
622 1144 889 1230 argentumque
901 1130 1005 1208 alkali
1021 1049 1100 1206 Kxo
1113 1127 1276 1207 caustico
1293 1153 1387 1232 prae·

458 1242 645 1340 cipitatum
658 1229 861 1332 immiscui,
883 1229 945 1312 sed
961 1233 1159 1320 admodum
1174 1257 1283 1334 parca
1301 1233 1387 1310 heic

459 1341 586 1432 locum
604 1337 730 1414 habuit
742 1333 897 1435 solutio,
923 1338 1022 1415 nulla
1040 1358 1160 1418 autem
1184 1343 1387 1438 praecipita·

458 1452 524 1522 tio.
574 1436 699 1541 ltaque
711 1437 857 1518 acidum
872 1441 1016 1518 metalla
1027 1442 1202 1520 calcinata
1220 1433 1297 1518 sane
1315 1442 1388 1518 ele·

460 1548 596 1626 tuone*
612 1539 819 1647 promiscue
851 1540 942 1620 sulci
968 1567 1032 1623 ere
1061 1541 1228 1627 videtur,
1266 1545 1390 1622 modo

457 1647 591 1751 J'ustam
611 1645 798 1725 amiserint
809 1569 980 1749 phlogifii
1002 1643 1128 1747 dosm,
1163 1671 1250 1724 nam
1268 1655 1389 1748 magis

459 1759 633 1832 minusve
646 1757 686 1826 in
698 1749 917 1850 quibusdam
931 1747 1070 1830 casibus
1092 1750 1292 1830 notabilem
1306 1750 1388 1830 effi-

459 1863 511 1936 cit
523 1855 776 1935 differentiam.
822 1853 1004 1932 Adhibito
1017 1854 1124 1934 acido
1137 1853 1280 1936 nitroso
1294 1880 1389 1959 praa·

458 1977 560 2038 terea
572 1957 759 2036 interdum
774 1958 924 2056 accidit,
948 1977 989 2035 ut
1003 1960 1084 2038 calx
1100 1959 1234 2040 idonea
1254 1956 1388 2037 sensim

458 2065 553 2146 ultra
566 2066 770 2160 genuinum
792 2069 991 2140 terminum
1008 2061 1191 2165 phlogillo
1212 2060 1390 2164 spoliatur

460 2168 588 2260 &hoc
605 2163 704 2244 sablo
725 2191 817 2244 mox
830 2171 1025 2263 rejiciatur.
1056 2167 1163 2244 Talia
1180 2185 1387 2264 momenta,

458 2269 1120 2471 3eglicaalzlllglrllcillgjltlllffllifsllrrlgm,
1142 2290 1388 2453 11¹1{ngr'aroprlenaa

458 2480 651 2556 eliclantur
664 2472 934 2554 conclusiones.
985 2478 1102 2579 Qrod
1116 2475 1286 2558 calcesse
1300 2504 1389 2556 mu·
1511 2502 1512 2520 ¹

457 2599 524 2659 tuo
539 2582 735 2664 attrahant,
767 2579 905 2656 dudam
927 2581 1010 2658 alibi
1031 2586 1262 2675 notavimus,
1293 2607 1389 2686 prae.

455 2684 579 2780 sertin
603 2681 765 2784 respettu
789 2707 933 2859 cuspreae
954 2686 992 2762 &
1021 2685 1242 2783 zinoinaeb).
1292 2689 1389 2764 Haec
1510 2751 1511 2774 ,

457 2787 645 2884 connubia
666 2786 801 2867 eodem
849 2788 949 2863 oluta
978 2788 1089 2866 acido
1112 2787 1200 2866 sales
1221 2792 1389 2892 triplices

455 2884 533 2967 sine
565 2889 679 2968 dubio
709 2908 930 2991 procreant,
968 2893 1145 2970 ulteriore
1168 2892 1301 2994 dignos
1324 2920 1388 2971 ex·
1509 2995 1510 2998 Ν

336 3059 346 3067 .
457 3000 590 3072 amine.

532 3110 691 3225 Cineas
718 3143 853 3225 inserui
879 3147 1077 3227 metallicas
1106 3149 1258 3247 ordine,
1306 3173 1389 3250 quo

454 3257 671 3356 praecipitari
691 3248 826 3348 solent,
871 3278 985 3354 quum
1006 3253 1107 3330 illum
1126 3253 1217 3330 scire
1238 3277 1319 3330 non
1343 3248 1388 3332 stt

333 3397 342 3414 ·
454 3359 603 3453 inutile,
631 3356 745 3431 lineas
762 3375 885 3432 autem
901 3358 1153 3436 horizontales
1177 3357 1389 3454 obliterari,

455 3476 500 3536 ut
512 3456 676 3554 constet,
694 3456 858 3558 respectu
873 3457 967 3536 acidi
982 3461 1120 3536 nullam
1133 3461 1311 3539 botlenus
1326 3467 1390 3541 in-

455 3562 620 3666 dagatam
646 3557 751 3637 suilla
776 3563 935 3664 eligendi
953 3570 1135 3641 virtutem.

382 3791 391 3805 ,
482 3809 485 3816 Ι
531 3723 596 3812 24)
621 3715 777 3815 Aquam
796 3716 881 3793 heic
901 3717 1067 3813 colloco,
1082 3741 1194 3818 quum
1209 3716 1389 3818 pleraque

454 3822 604 3900 vitriola
625 3817 742 3896 solvat
763 3820 802 3898 &
821 3825 956 3896 iterum
983 3818 1280 3920 crystallisatione
1303 3845 1389 3897 non
1505 3865 1506 3870 Ν

382 3993 390 4002 ,
453 3941 592 4003 mutata
610 3923 749 4000 reddat
799 3923 867 4000 Me
884 3924 1129 4026 quidemnon
1142 3923 1255 4031 fugit,
1281 3921 1390 4022 quod

1227 4027 1390 4132 hydrar-
1504 4097 1505 4100 a

496 4169 538 4250 a>
560 4172 678 4237 nram
701 4171 730 4259 ς.
753 4179 788 4238 v.
809 4177 848 4263 a.
