3342 5317
463 558 779 674 De‚-Protsusl³is
813 567 865 684 V
857 567 1032 671 ustott'is.
1136 601 1211 692 245

357 767 539 848 Tartaru
558 767 747 849 Solfatarae
774 771 1211 856 albam-anteaconsrtle-

281 878 447 952 ravitnus
472 875 614 974 (siv,
653 877 725 968 D).
784 862 884 974 Huic
902 877 1000 954 hnud
1026 868 1114 955 raro
1136 870 1209 956 sul-

278 979 380 1158 phur
400 977 585 1076 adhaeret,
613 977 814 1057 ‘interdrun
839 981 1051 1083 perlucens,
1089 988 1208 1062 irntno
1246 1076 1251 1090 „

295 1106 404 1160 orma
426 1080 665 1162 determinata
690 1083 901 1162 ottaetrrca
923 1083 1106 1163 dotatum?
1164 1089 1207 1166 ln

278 1183 430 1262 Vesuvii
444 1183 609 1280 saucibus
623 1193 783 1264 multum
796 1186 974 1365 sulphpris
993 1187 1109 1268 adesse
1120 1218 1208 1268 nat-

277 1307 364 1374 rant
378 1295 690 1392 peregrinantes,
703 1293 742 1372 tit
755 1292 832 1368 haec
843 1290 887 1368 ad
903 1298 998 1371 ertio
1006 1295 1109 1370 nullo
1122 1294 1207 1396 sanc

278 1391 396 1472 modo
410 1394 634 1482 incredibilis
648 1392 717 1493 cst,
744 1393 795 1490 ast
809 1395 916 1474 fateri
931 1416 1095 1497 oportet,
1118 1425 1206 1481 cru.-

277 1493 348 1574 slas
367 1496 607 1596 lutcscentes,
648 1522 727 1598 quoe
747 1496 811 1576 sub
834 1501 910 1582 hoc
927 1507 1081 1580 nornine
1105 1511 1205 1582 mitti

261 1683 266 1696 .
273 1596 418 1700 solent,
443 1625 575 1680 revera
588 1601 680 1681 nihil
693 1603 792 1684 aliud
809 1597 900 1699 esse,
912 1626 1022 1702 quarn
1033 1606 1205 1707 reliquias

275 1706 373 1789 trvae
395 1701 598 1804 effluentis,
629 1707 826 1806 parietibus
848 1705 1096 1804 adhaerentes,
1122 1735 1203 1810 quar
1220 1753 1248 1784 ·.
1373 1788 1376 1801 ,

273 1803 402 1910 postea
423 1807 518 1900 acidi
539 1812 715 1900 vitrlolici
733 1807 979 1912 phlogisticati
1002 1815 1203 1913 vaporibus

274 1909 527 1992 corroduntur
547 1915 754 2014 &;,r‚r,igrote
775 1907 1132 2016 pannoniarum
1152 1907 1202 1998 ta.

263 2016 329 2098 les
353 2023 502 2118 accepi,
534 2041 690 2119 quarum
721 2021 847 2122 plures
870 2006 991 2117 libris,
1030 2028 1200 2099 examine

270 2114 461 2218 instituto³
486 2145 535 2198 ne
561 2125 716 2200 unicum
741 2123 889 2226 quidem
917 2115 1098 2224 sulphuris
1118 2149 1199 2227 gra-

262 2244 367 2302 'nurn
390 2221 636 2328 praebuerunt.
1062 2267 1067 2277 ·

347 2429 413 2511 Ur
427 2427 566 2534 singula
578 2431 823 2534 phaenornena
843 2452 892 2507 eo
915 2433 1050 2510 clarius
1072 2411 1198 2536 expla-

269 2553 433 2634 nentur,
463 2533 612 2640 sulphur
635 2531 877 2634 investigetur
894 2551 1064 2639 oportet,
1089 2541 1197 2640 quola

267 2647 311 2717 in
331 2639 522 2719 montibus
536 2645 741 2743 ignivomis·
749 2632 847 2717 adest
863 2659 948 2716 ante
960 2647 1124 2742 primurn
1136 2649 1196 2720 in·

268 2742 455 2822 cendiutn.
507 2745 646 2846 Pyritas
666 2747 707 2820 in
735 2741 841 2820 hisce.
863 2737 1019 2821 officinis
1041 2751 1195 2848 reperiri

267 2845 708 2933 dudum'obsertzavimus
742 2846 797 2945 (s.
823 2847 892 2937 ΙΙΙ,
914 2847 986 2943 F),
1023 2847 1061 2924 ἃ
1092 2847 1194 2949 quod

265 2953 309 3028 iri
322 2955 456 3029 caloris
472 2949 840 3031 subterranelcausatn
848 2951 1086 3054 principalem
1098 2977 1194 3030 con·

266 3062 430 3151 tineam,
448 3056 660 3154 conjeslarc
679 3056 765 3132 licet
780 3060 833 3154 (p.
846 3055 967 3146 xvi).
1006 3053 1193 3133 Ponamus

266 3182 363 3238 veto
391 3165 462 3252 iarn
493 3154 674 3260 insignem
704 3157 826 3232 rcsttnn
851 3164 1036 3258 genitum,
1081 3159 1192 3256 hujus

265 3257 467 3342 necessario
490 3269 534 3342 in
562 3269 701 3364 pyrites
728 3257 834 3349 sanos
863 3258 1014 3338 effectus
1039 3268 1111 3336 erit
1135 3257 1189 3335 se·

264 3374 404 3470 paratio
439 3362 617 3468 sulphuris
650 3389 672 3440 e
707 3363 951 3465 compedibus
986 3365 1188 3462 metallicis,

263 3470 370 3574 quod
392 3468 479 3551 dein
505 3473 589 3554 loca
620 3466 744 3556 versus
775 3463 964 3566 frigidiora
993 3473 1035 3542 in
1065 3473 1189 3544 meati-

262 3573 335 3652 bus
350 3569 593 3654 subterraneis
610 3571 853 3675 propelliturq
872 3577 1004 3666 ⁴imino
1023 3567 1112 3672 saepe
1131 3571 1188 3648 so·

260 3680 340 3758 lum
353 3673 587 3780 spongiosum
610 3691 798 3780 penetrat,
820 3693 861 3753 ut
880 3680 920 3752 in
942 3670 1114 3775 lslandia,
1146 3681 1188 3752 in

259 3779 442 3862 Solfatara
461 3781 499 3860 br
525 3781 613 3860 alibi
639 3777 871 3870 observatur,
910 3781 973 3859 vel
991 3774 1105 3856 flores
1122 3802 1188 3854 cx·

260 3885 414 3984 bibens,
439 3885 499 3964 vel
518 3891 558 3967 in
578 3909 691 3988 grana
709 3879 972 3973 concrescens,
985 3903 1065 3958 non
1082 3905 1186 3958 nurn-

257 4014 373 4094 quarn
387 3989 548 4090 paullum
563 3986 750 4092 perlucida
762 3985 799 4066 δι
809 3983 1108 4090 crystallina‘Via
1118 3979 1186 4062 sic·-

260 4116 325 4194 ca,
343 4093 381 4202 lit
393 4090 588 4196 presertim
602 4087 847 4191 sublimando,
876 4086 1185 4192 crystallioricn·

303 4215 432 4302 Qergm.
445 4213 550 4302 Opust.
567 4215 637 4286 Vol·
653 4213 723 4284 III·
748 4197 753 4208 ’
880 4191 934 4300 Q,
1122 4209 1185 4272 tut·
