3342 5317
457 743 538 826 300
603 710 671 802 De
692 681 1016 800 Attroffiouibus
1037 703 1247 798 Elauiais.
1366 780 1380 790 ,

456 911 547 993 lebit
559 913 602 1011 i,
626 937 708 1016 que
723 931 831 990 antea
844 907 1001 988 debilior
1020 911 1247 1010 nihil'potuit
1267 908 1386 990 effice·

456 1043 508 1096 re.
547 1014 585 1092 Si
598 1017 708 1094 altera
729 1021 901 1090 materies
924 1021 1091 1092 omnino·
1106 1011 1180 1092 fixa
1203 1013 1278 1106 est,
1314 1020 1387 1092 erit

456 1149 480 1198 tr
493 1153 530 1190 z:
544 1150 585 1217 o,
615 1123 654 1200 δι
675 1115 776 1196 casus
794 1114 837 1194 fit
856 1113 1063 1220 simplicior.
1115 1119 1292 1223 Exempla
1317 1145 1387 1197 oc·

448 1220 613 1304 ”currum
625 1232 667 1302 in
685 1221 921 1323 sequentibus
938 1221 1031 1299 bene
1045 1224 1167 1301 muita.

530 1379 641 1456 Hinc
662 1375 810 1479 quidem
830 1384 871 1454 in
898 1402 1035 1478 genere
1061 1393 1186 1479 patere
1209 1377 1385 1470 arbitror,

453 1485 531 1562 ilias
546 1483 782 1561 attractiones
796 1477 865 1559 eise
880 1490 1079 1580 genuinas,
1110 1507 1199 1582 quas
1219 1491 1384 1562 materiae

451 1585 519 1666 fibi
556 1589 689 1664 relicte
726 1586 841 1664 libere
872 1603 1067 1662 exercent:
1109 1585 1384 1666 uehementior

362 1779 368 1792 .
452 1694 587 1770 caloris
618 1689 751 1792 gradus
785 1687 838 1765 est
874 1687 978 1765 causa
1012 1705 1182 1786 externa,
1220 1715 1301 1790 quae
1321 1705 1383 1768 ea·

451 1795 623 1872 rumdem
644 1819 749 1872 veras
770 1787 974 1870 adfinitates
1003 1794 1082 1895 plus
1112 1797 1172 1871 vel
1193 1804 1315 1874 minus
1341 1803 1382 1873 vi

438 1899 636 1999 infringit,
660 1905 777 1974 immo
799 1905 906 1974 etiam
929 1895 1114 1972 interdum
1138 1909 1285 2003 penitus
1306 1905 1381 1988 im·

449 2022 578 2082 mutat.
601 2003 751 2080 Interim
769 2020 916 2097 tamen,
943 2023 1030 2076 cum
1056 1999 1260 2078 multifariae
1289 2029 1380 2105 ope·

450 2115 614 2187 rationes
638 2132 720 2185 non
744 2101 811 2180 nist
845 2113 939 2204 ignis
971 2129 1043 2204 ope
1075 2100 1202 2206 perfici
1228 2125 1379 2208 queant,

407 2285 414 2295 .
448 2211 608 2312 ideoque
623 2205 836 2289 subtilissimi
858 2209 970 2306 hujus
991 2207 1094 2289 fluidi
1107 2217 1165 2288 vis
1181 2205 1223 2287 srt
1243 2229 1377 2300 notatu

449 2313 676 2418 dignlffima‚
722 2313 981 2389 attrauronum
1004 2312 1243 2392 eleiiivarum
1270 2315 1378 2392 tabu·

335 2501 355 2522 χ
445 2422 519 2498 iam
533 2428 573 2497 in
593 2419 680 2496 duas
700 2443 800 2494 areas
816 2415 1042 2516 partiendam
1064 2415 1252 2512 existimo,
1290 2445 1376 2520 qua·

408 2587 413 2617 ,
445 2544 531 2601 rum
549 2520 716 2624 superior
736 2521 887 2616 liberas,
928 2545 1008 2622 quae
1028 2521 1201 2617 humida,
1233 2537 1275 2598 ut
1299 2525 1375 2602 diei

445 2625 560 2722 solet,
596 2633 656 2704 via
695 2639 936 2720 exercentur,
972 2620 1130 2704 inferior
1160 2635 1375 2726 vero‘igne

445 2731 628 2825 coaetus
643 2727 822 2805 exhibeat.
875 2727 961 2802 Hoc
986 2753 1136 2829 quoque
1157 2725 1262 2806 facile
1287 2757 1375 2833 per·

444 2843 504 2936 agi
552 2829 669 2928 otest,
707 2856 792 2908 cum
816 2831 991 2908 haetenus
1012 2833 1113 2910 nulia
1133 2834 1198 2908 alia
1217 2855 1374 2914 externa

444 2861 611 3014 consitio
637 2941 869 3029 innotuerit„
900 2958 1001 3034 quae,
1033 2953 1074 3015 ut
1105 2936 1188 3013 heic
1213 2945 1254 3016 in
1281 2965 1372 3016 cen.

442 3042 520 3118 sum
542 3047 683 3133 veniat,
700 3055 883 3115 meretur:
905 3044 1059 3118 intemae
1072 3065 1189 3138 vero,
1213 3035 1372 3144 siquem

336 3230 339 3239 ,
441 3141 634 3222 diffensum
661 3147 829 3244 pariunt,
872 3143 933 3218 vei
964 3159 1198 3244 apparentem
1226 3161 1370 3224 tantum

441 3249 624 3353 praebent,
648 3247 838 3324 ueletiam
860 3246 995 3322 realem
1017 3256 1250 3328 materierum
1269 3249 1369 3329 inie-

372 3407 376 3412 -
440 3370 530 3432 runt
547 3357 803 3431 mutationem.
874 3349 963 3426 Non
986 3349 1135 3452 quidem
1155 3354 1367 3454 negandum

440 3455 513 3554 est,
551 3463 642 3558 quin
664 3476 825 3558 corpora
844 3455 1004 3530 volatilia
1033 3456 1224 3534 connubio
1250 3481 1368 3541 mate-

438 3570 501 3640 riae
516 3562 652 3641 caloris
662 3583 702 3635 re
721 3579 810 3638 vera
828 3572 1036 3644 mutentur,
1060 3557 1121 3638 sed
1144 3561 1229 3636 haec·
1246 3584 1367 3640 muta.

437 3662 733 3761 uomendum,
757 3659 821 3740 sub
839 3659 1118 3762 refrigeratione
1139 3672 1271 3743 iterum
1287 3684 1365 3746 tota

437 3765 693 3948 evpnescens‚'
729 3765 875 3870 peraeta
903 3785 1029 3848 tamen
1047 3763 1365 3872 decompofitione

436 3877 482 3956 de
498 3873 643 3952 iderata
934 3883 938 3900 ¹

509 4031 627 4106 'Hinc
654 4036 771 4127 patet,
794 4019 882 4123 quid
909 4017 954 4100 stt
976 3980 1205 4104 sentientium
1230 3983 1278 4104 ¹de
1303 4052 1363 4104 ua-

435 4135 499 4210 riis
532 4149 664 4206 contra
704 4123 932 4204 adfinitatum
973 4129 1213 4206 oonstantiam
1252 4155 1364 4232 argu-

398 4354 402 4363 Ι
434 4241 592 4374 ιῐιευῐίε,Ι
621 4235 742 4340 petitis
762 4256 784 4310 e
807 4228 1071 4333 destillatione,
1107 4233 1379 4421 sublimaup'rrep·
