3342 5317
270 612 308 642 “
348 614 418 708 De
430 610 563 706 Ferro
579 610 633 711 δύ’
646 610 800 746 Statano
819 605 1251 748 {guararama'auiuffl

318 843 401 898 non
417 825 602 920 potierit,
627 815 797 915 adeoque
813 839 833 892 a
850 811 939 891 ferri
956 796 1138 916 gravitate
1151 819 1248 896 mul÷

300 940 400 1001 -mur
416 921 539 1020 distat,
554 929 671 1000 immo
687 919 897 1020 nequidem
912 917 1044 997 stanno
1058 929 1247 1027 propriam

317 1035 484 1129 attingit,
510 1051 590 1128 quae
616 1031 813 1102 minimum
833 1053 874 1124 7,
900 1019 1083 1118 3effieit.·
1220 1077 1227 1102 2

395 1207 448 1259 ατο
473 1189 659 1258 Sruuauu
676 1177 1051 1262 aecmalleoexrendi
1059 1187 1081 1282 ,‘
1090 1205 1160 1260 neu
1169 1181 1248 1261 cul·

303 1303 383 1367 ,tro
393 1286 506 1365 secari
518 1283 649 1389 potest.
680 1323 684 1330 ·

393 1470 448 1534 320
474 1441 663 1517 smaruu
682 1432 797 1517 acidis
823 1435 989 1538 frigidis,
1028 1437 1114 1544 quae'
1131 1441 1248 1540 vulgo

319 1547 512 1623 mineralia
537 1546 709 1639 audiunt,
733 1566 816 1618 non
850 1537 1039 1638 adficitur,
1063 1543 1124 1622 sed
1150 1545 1248 1625 stariss

320 1674 413 1726 num
432 1646 546 1746 ferros
563 1641 738 1726 onustum
772 1638 912 1748 singula
943 1641 1247 1747 rodurit‚,irrrm‘o

302 1749 411 1932 'jrasta
435 1747 514 1828 dori
537 1747 706 1848 solvunt,
736 1745 802 1827 etsr
828 1749 986 1850 tardius,
1021 1776 1134 1854 quam
1158 1761 1247 1856 igne

299 1869 340 1936 ‘a
363 1865 449 1953 juta

394 2033 451 2103 ato
477 2010 663 2085 Sruauuu
678 2006 784 2086 acido
797 2013 885 2089 nitri
906 2006 1106 2100 ebulliente
1123 2023 1248 2088 totum

317 2115 475 2194 soi-uitur
495 2114 533 2190 a
553 2117 692 2190 claram
711 2111 862 2191 exhibet
881 2109 1123 2211 solutionem,
1150 2110 1246 2191 stan·

230 2273 235 2289 -
302 2220 411 2299 ‘num
435 2236 559 2295 autem
575 2236 652 2294 tam
673 2241 830 2320 purum,
871 2233 982 2318 quarn
1004 2210 1107 2323 ferro
1127 2217 1247 2312 imbu-

247 2314 254 2327 ’
318 2341 429 2421 tum‚,
454 2319 668 2424 adgreditur
690 2321 839 2423 quidem
865 2319 964 2398 idem
986 2321 1152 2417 acidum,
1179 2320 1246 2400 ‘sed

318 2428 453 2504 solutio
470 2425 604 2502 eodem
626 2425 743 2503 diluto
757 2425 795 2504 δι
809 2432 850 2501 in
868 2423 1011 2524 frigore
1033 2423 1245 2503 lenuffime-

319 2558 393 2634 que
405 2527 458 2608 est
475 2526 661 2628 facienda,
688 2525 798 2632 fiper
819 2530 990 2608 horulam
1004 2532 1151 2610 claritas
1170 2528 1246 2606 ser'·

318 2641 399 2734 vari
413 2629 542 2738 podir,
566 2649 603 2711 at
624 2639 778 2722 minima
796 2630 1051 2714 incalescentia
1076 2631 1246 2711 stannum

316 2738 476 2818 solutum
491 2738 679 2836 deturbat,
703 2744 743 2818 iu
758 2739 899 2816 calcem
913 2737 1031 2829 albam
1046 2736 1246 2818 redactum.

393 2919 445 2989 510
469 2893 677 2993 surarum,
715 2897 796 2974 auri
815 2891 990 2974 solutioni
1006 2891 1147 2991 ¹dilutoe
1177 2901 1246 2987 iur-

298 2995 483 3094 ‚missum‚
509 2997 710 3099 quidquam
731 3005 814 3076 auri
839 3006 879 3078 irr
915 2995 1036 3087 forma
1061 3000 1252 3102 complete·

316 3098 498 3196 secernit,
526 3101 627 3177 nulia
658 3117 784 3182 auteur
814 3101 943 3202 prodit
975 3127 1154 3205 purpure⁸
1175 3111 1247 3185 rui·

317 3205 452 3281 neraiie
475 3200 649 3305 vestigia,
674 3229 724 3284 ne
744 3205 896 3304 quidem
914 3201 1113 3304 leuissima,
1142 3203 1251 3310 quod·

317 3317 442 3385 tamen
461 3306 552 3384 libra
583 3303 816 3387 docimastiua
836 3305 1012 3406 misceiae,
1056 3338 1085 3386 rr
1113 3306 1247 3406 stanni,

319 3409 478 3508 auferri
510 3411 679 3514 partibus
698 3412 887 3498 involutas
917 3415 1164 3510 continentis,
1197 3439 1251 3492 ere

312 3535 486 3619 rempore
503 3513 623 3594 efficit.

391 3681 450 3748 620
475 3671 506 3746 E
529 3671 688 3770 borace‚
712 3663 823 3750 srderi
847 3671 948 3751 calce
974 3695 1047 3778 ope
1071 3667 1152 3750 tubi
1176 3667 1246 3749 fer·

316 3781 550 3855 euninatorii
594 3775 808 3876 gravidata,
849 3776 975 3856 addito
1010 3774 1113 3854 ferro
1152 3777 1247 3859 nihil

318 3878 437 3958 stanni
462 3887 694 3986 praecipitare
722 3885 852 3984 potui,
892 3889 1062 3984 quamvis
1084 3883 1155 3962 hac
1185 3889 1245 3958 via

315 4008 495 4086 perquam
517 3991 651 4083 exigua
672 3983 785 4086 hujus
810 3987 949 4076 metalli
969 3985 1246 4091 inquinamenta

174 4092 178 4098 ’
315 4086 528 4170 delitescere
543 4106 740 4194 nequeant.

1110 4263 1170 4341 τεο.
1184 4245 1245 4324 Sr-
