3342 5317
284 693 330 760 .·
416 618 488 740 Βὲ
517 627 738 730 proruitis
753 701 756 708 ·
769 588 997 736 [satanin
1087 639 1168 752 287.

323 840 532 940 Sortitur,
554 836 643 918 teste
655 846 899 942 experientia,
916 865 1017 943 aqua
1031 838 1167 922 eserro‘.

241 941 516 1024 inflammabiiis
558 951 728 1048 principii
774 945 971 1046 quidquam
1016 946 1168 1046 expellit

242 1051 296 1147 (p.
342 1048 461 1142 XIV),
498 1056 666 1148 quamvis
681 1049 828 1127 modus
855 1048 1032 1144 haetenus
1048 1050 1166 1134 lateat
1231 1040 1236 1056 ’

242 1150 311 1250 Ab
334 1156 405 1230 alia
437 1165 538 1254 parte
571 1148 722 1253 sulphur
747 1153 991 1231 vehementer
1023 1153 1169 1230 attrahit

242 1253 387 1332 serrum
407 1261 457 1332 ita
479 1252 627 1332 modice
651 1273 909 1360 pauperatum,
934 1255 1170 1357 quodetiam

244 1355 338 1462 stne·
357 1357 471 1436 dubio
498 1355 789 1457 segregationem
822 1358 993 1463 phlogisti
1020 1366 1174 1458 egregie,
1214 1350 1225 1371 ‘

244 1479 458 1566 promovet.
510 1461 681 1564 Utroque
696 1461 776 1541 nisu
786 1470 826 1540 in
843 1459 1032 1568 superficie
1047 1458 1172 1563 singu·

246 1569 367 1644 sarum
383 1567 647 1643 molecularum
663 1565 753 1642 ferri
769 1565 981 1667 phlogiston
994 1591 1170 1644 accumu-

245 1673 355 1768 latur,
383 1668 482 1771 quod
496 1669 689 1749 ambientis
706 1668 949 1772 atmosphaeroe
960 1688 1101 1771 partem
1116 1674 1170 1748 via

247 1777 364 1872 tatem,
374 1774 435 1850 vel
448 1771 676 1874 respirationi
691 1773 864 1851 idoneam
879 1773 989 1851 allicit
1002 1775 1040 1852 ἃ
1054 1789 1170 1851 mate-e

247 1885 341 1956 riam
357 1879 493 1954 caloris
507 1893 677 1974 generat,
701 1899 781 1976 quae
803 1901 873 1980 pro
891 1874 951 1955 soa
971 1883 1172 1978 quantitate
1210 1881 1214 1890 '
1261 1934 1265 1945 1
1300 1961 1303 1968 ,
1355 1849 1362 1878 ’

249 1977 435 2077 calefacit,
459 1987 569 2057 etiam
585 1986 653 2057 rite
671 1981 773 2060 rudia
788 1980 954 2072 accendit
969 1978 1117 2079 sulphur
1131 1989 1172 2058 in

250 2081 362 2160 masia
373 2083 546 2180 obvium,
572 2085 609 2162 dt
622 2079 772 2181 infignis
785 2090 943 2162 mareriae
961 2090 1181 2176 commixtae„

251 2196 360 2290 copia
373 2186 509 2288 sepulta
523 2190 801 2266 tremulationes
815 2185 947 2290 efficit,
971 2202 1076 2265 terrae
1090 2211 1174 2296 mo·⁴

250 2295 558 2372 tuamentieutes,
1086 2302 1090 2309 ⁴

327 2446 375 2520 Iu
402 2470 425 2546 p
471 2450 522 2535 ite
546 2445 584 2524 dt
600 2441 762 2545 serrum,
801 2445 840 2526 δι
866 2415 1017 2552 sulphur
1043 2449 1173 2551 intime

252 2555 358 2628 unita
377 2549 421 2626 ad
438 2565 505 2626 unt
525 2541 601 2626 siue
624 2575 735 2649 aqua,
760 2574 888 2628 annon
904 2558 1017 2650 igitur
1028 2549 1098 2628 hac
1114 2547 1177 2626 ad·

252 2651 453 2750 ueniente,
477 2650 604 2730 itidem
620 2653 721 2732 calor
743 2650 908 2734 orietur?
939 2655 1030 2730 Haec
1050 2658 1176 2750 conje·
1219 2698 1222 2703 <
1303 2661 1313 2668 '

255 2755 382 2854 tium
407 2749 589 2858 sulphuris
610 2754 749 2836 &ferri
775 2759 923 2864 copiosa
936 2755 1176 2862 praesentiam

255 2857 430 2940 omnibus
443 2857 626 2958 vulcenis,
650 2851 826 2939 fiunatur.
1121 2858 1125 2865 ’
1178 2865 1184 2876 ’

331 3015 534 3092 Portunus
571 3020 691 3114 igitur,
725 3011 875 3118 sulphur
910 3015 1104 3096 accensum
1137 3007 1219 3102 sti,¹

254 3115 496 3196 subterraneis
516 3125 705 3215 cavernis,
742 3144 818 3220 quo
837 3137 960 3198 autem
981 3121 1097 3198 modo
1118 3123 1180 3192 in-

256 3222 430 3300 cendium
448 3216 627 3318 subsistet,
663 3221 901 3323 &quantum
929 3218 1098 3300 immensi
1124 3215 1181 3297 es·

255 3323 373 3404 retus
384 3319 578 3428 postulant,
593 3329 716 3424 augeri
728 3323 870 3428 potest?
882 3329 1042 3428 Sulphur
1054 3335 1184 3427 ignem
1325 3359 1331 3375 1

256 3428 351 3506 maie
377 3437 513 3528 nutrit,
547 3435 664 3504 immo
689 3423 781 3532 saepe
807 3425 970 3507 suffocat
1036 3431 1082 3504 ln·
1099 3440 1190 3508 toto,
1349 3477 1357 3494 .

256 3528 432 3610 soffilium
458 3557 577 3634 regno
604 3545 734 3632 praeter
757 3535 964 3634 petroleum
986 3535 1076 3610 huic
1102 3532 1184 3609 sco·

257 3657 311 3740 po
350 3635 674 3714 adcommodatum
724 3636 815 3711 nihii
855 3637 1032 3714 haetenus
1071 3643 1184 3714 inno·

258 3747 337 3818 tuit.
403 3739 488 3835 Qua
527 3741 761 3818 vehementia
800 3741 883 3817 olea
922 3741 1073 3818 ardeant
1109 3756 1185 3817 tam
1307 3805 1313 3816 .
1424 3815 1426 3823 .

258 3841 464 3946 segregata,
513 3867 622 3946 quam
659 3838 731 3920 basi
763 3842 925 3921 terrestri
956 3847 1185 3944 inhaerentia,

255 3967 393 4032 ‚notum
420 3945 473 4023 est
498 3948 535 4026 &
560 3948 823 4026 lithanthraees
849 3943 992 4027 accenfi
1020 3947 1186 4050 quotidie

259 4047 481 4127 monstrant
539 4045 724 4154 Copiosus
747 4048 872 4132 sumus
894 4054 992 4130 hanc
1011 4052 1189 4155 deflagra-

258 4161 404 4234 tionem
438 4151 580 4260 semper
613 4159 1003 4260 commonstrem
1040 4157 1188 4242 videtur
1295 4192 1298 4201 ·

1074 4256 1190 4349 suni·
1308 4287 1312 4309 ·
