3342 5317
507 619 597 738 460
641 613 711 714 Dr
739 613 1064 712 Attmffl'ouibus
1091 617 1295 713 Eumeis.

504 828 700 902 municatc
731 823 912 916 tindum3
950 847 1031 928 quae
1055 817 1161 918 simul
1193 819 1310 900 sumta
1339 822 1417 900 mii

505 929 566 1004 aiii
587 942 827 1028 competunt:
848 951 961 1030 quum
986 933 1162 1032 praet'erea
1182 935 1255 1004 rite
1278 927 1416 1029 depura-

503 1047 585 1108 tum
603 1034 769 1134 plurimis
784 1029 871 1109 dein
886 1029 1169 1134 pertinaciffime
1188 1048 1327 1109 tortum
1347 1057 1416 1107 mo·

503 1133 578 1220 dis,
604 1137 641 1212 &
661 1139 721 1209 viu
741 1134 912 1235 humida,
938 1137 975 1216 u
996 1132 1109 1236 sicca,
1133 1141 1174 1226 in
1189 1137 1255 1211 alia
1271 1159 1417 1236 nonpo-

502 1245 616 1318 tuerit
638 1234 793 1315 resolui:
832 1265 947 1341 quum
974 1241 1137 1342 denique
1158 1265 1224 1344 per
1245 1235 1416 1340 synthesm

503 1365 712 1443 erenum,
740 1341 927 1442 arsenicO,
949 1344 1100 1422 cobalto
1126 1345 1325 1448 deputato,
1355 1339 1416 1419 fet·

500 1470 567 1534 ro,
609 1447 735 1524 aliisve
756 1447 909 1528 metallis
939 1449 1147 1551 colliquatis
1174 1473 1293 1526 nemo
1322 1447 1415 1524 talem

499 1551 720 1656 produxerit
739 1549 948 1648 misturam,
970 1577 1051 1654 qute
1069 1548 1387 1656 proprietatibuss
1403 1593 1415 1610 ·

430 1668 436 1698 ¹
498 1680 566 1758 pra
581 1663 796 1734 memoratis
817 1657 971 1734 niccolo
986 1663 1181 1758 congruit:
1208 1679 1346 1756 quum,
1369 1661 1416 1730 in·

500 1784 632 1860 quam,
657 1761 737 1836 hoec
751 1764 801 1835 ita
817 1755 907 1860 sint,
935 1787 1014 1836 non
1030 1757 1173 1862 possum
1195 1785 1278 1836 non
1299 1766 1416 1836 niceo·

498 1861 711 1957 luminstar
731 1861 891 1942 distindii
913 1867 1051 1942 metalli
1076 1861 1281 1965 respicere,
1308 1863 1416 1939 donec

498 1992 602 2046 nova
624 1971 876 2070 experimenta
897 1971 1054 2046 meliora
1074 1965 1241 2044 doceant.
1311 1963 1416 2066 de

524 2073 693 2174 ierosque
707 2065 864 2169 seduxit,
891 2069 943 2148 est
958 2078 1118 2158 maxima
1133 2071 1340 2174 deputandi
1355 2067 1415 2145 dif-

495 2096 655 2255 dcultas.
710 2175 876 2272 Scilicet,
915 2175 991 2252 hoc
1010 2173 1198 2252 metallum
1220 2197 1415 2278 numquam

496 2304 579 2360 non
599 2277 785 2377 arsenieo,
822 2279 1026 2358 cobalto&
1056 2277 1157 2356 ferro
1187 2283 1415 2380 inquinatum

494 2389 679 2476 occurrit,
710 2381 898 2461 interdum
920 2407 1067 2485 quoque
1088 2407 1225 2482 cupro,
1259 2385 1413 2483 aliisque.

495 2486 667 2590 Cuprum
704 2485 812 2564 facile
844 2486 1047 2590 separatur,
1086 2486 1292 2562 arsenicum
1328 2508 1412 2562 veru

496 2617 612 2671 omne
633 2597 840 2692 egerrime,
879 2593 1006 2668 ultima
1027 2589 1160 2669 cobalti
1185 2588 1342 2692 vestigia
1362 2588 1416 2666 ad-

494 2695 571 2774 huc
591 2690 789 2790 difficiiius,
822 2709 858 2769 at
879 2692 1018 2772 ferrum
1042 2693 1313 2794 nullomodo,
1346 2694 1415 2770 huc

494 2805 620 2898 usque
637 2806 816 2895 cognito,
836 2797 991 2898 separari
1014 2805 1151 2900 potuit,
1177 2803 1281 2874 utin
1310 2822 1415 2902 pecu·

384 2923 388 2930 ’
492 2896 647 2982 timide
677 2901 833 2979 niccolo
867 2897 1115 2980 dissertatione
1144 2895 1259 2980 fufius
1283 2899 1414 2978 descri-

491 3022 596 3114 ptum
617 3001 680 3082 est.
731 3003 822 3080 Non
840 3009 951 3107 igitur
972 3013 1107 3094 miror,
1140 3009 1358 3105 niccolum,
1390 2999 1412 3078 fi

495 3109 645 3191 cobtlto
680 3106 775 3186 adeo
808 3131 917 3210 parce
950 3107 1003 3186 est
1031 3115 1347 3210 contaminatum,
1382 3122 1425 3184 ut·

489 3218 688 3294 niccolinoe
711 3238 759 3292 ex
782 3218 888 3292 omni
906 3235 1009 3316 parte
1031 3212 1232 3294 cobaltinus
1254 3221 1412 3291 circum·

489 3323 581 3398 dent
615 3317 829 3422 particulas,
851 3317 861 3338 ⁰
881 3318 1027 3394 nullum
1059 3315 1239 3394 methodo
1270 3317 1411 3420 vulgari

464 3418 666 3501 ⁴exhibere
692 3429 831 3498 vitrum
869 3423 1087 3518 caeruleum,
1129 3419 1253 3498 addito
1293 3437 1411 3498 tamen

423 3528 426 3533 ’
487 3526 653 3606 arsenico
678 3525 784 3624 albo,
811 3525 884 3603 talc
903 3525 1087 3626 praebere,
1113 3531 1253 3601 etenim
1268 3525 1346 3602 hoo
1359 3523 1411 3600 ad·
1446 3590 1452 3597 .

486 3631 825 3710 ditamentumnon
851 3645 997 3730 tantum
1020 3635 1180 3728 nicecii,
1206 3627 1411 3732 cobaltique

486 3730 738 3824 cohaefionem
758 3716 909 3829 minuit,
935 3729 996 3810 sed
1020 3727 1167 3810 maffam
1189 3738 1308 3830 magis
1332 3729 1411 3808 flui-

485 3837 571 3916 dam
600 3837 736 3932 reddit,
787 3839 825 3915 ἃ
858 3837 1045 3915 comitum
1077 3833 1262 3938 phlogisto
1299 3842 1411 3936 impe·

483 3941 609 4020 diente
628 3939 769 4043 spoliat,
831 3937 1032 4020 Cobultum
1061 3967 1144 4021 non
1166 3935 1234 4016 nisi
1258 3941 1409 4016 calcina·

482 4063 564 4126 tum
600 4051 697 4122 vitra
731 4049 858 4143 tingit:
898 4043 1083 4122 mirandas
1125 4050 1300 4122 continet
1330 4043 1409 4122 calx

480 4151 610 4234 haecce
624 4149 763 4233 coloris
777 4148 948 4241 divitias,
972 4148 1034 4228 sed
1049 4149 1146 4230 ultra
1168 4143 1409 4328 modumhdg-

1306 4277 1330 4356 p
1396 4293 1406 4310 .
