3342 5317
225 739 231 748 ·
285 751 292 769 x
351 715 422 810 ue
449 707 773 805 urrunnun
800 707 1037 806 utrum:
1090 741 1197 832 2431·
1339 675 1342 683 ⁴
1447 662 1489 833 s

238 914 366 1000 edluso
379 923 480 994 enim
494 916 602 996 aeido
613 922 724 1011 nitri,
748 916 790 990 in
801 919 919 1015 prima
939 911 1086 993 miscela
1105 924 1165 993 in·

238 1049 332 1126 gent
346 1015 1165 1118 oriturincalescentia,infecundaexigua'&
1193 1029 1197 1039 '

238 1136 282 1206 in
297 1135 404 1204 tertia
414 1131 563 1223 minor,
586 1131 705 1202 immo
722 1121 814 1226 soepe
828 1119 946 1222 frigus
956 1147 1026 1224 pro
1040 1125 1164 1202 diver.

236 1227 342 1309 strate
361 1224 515 1306 dosrum.
564 1225 673 1304 Ratio
689 1223 766 1325 est,
791 1226 894 1326 quod
913 1226 1058 1304 acidum
1074 1251 1164 1306 con·

237 1333 469 1435 jungendum
499 1355 585 1408 cum
613 1330 720 1413 alkalt
750 1327 911 1407 caustico
937 1328 1164 1434 superfluum

237 1439 297 1516 sui
312 1438 445 1516 caloris
460 1433 623 1512 effundat
638 1429 714 1511 stne
727 1430 992 1533 diminutione,
1016 1436 1164 1518 acidum

238 1555 393 1620 aereum
429 1545 471 1615 in
503 1535 667 1616 secundo
687 1533 967 1637 casuprodienr
990 1564 1164 1641 magnam

241 1639 347 1722 effusi
371 1639 559 1724 absorbeat
576 1655 738 1742 partem,
764 1641 801 1718 dt
821 1639 971 1720 uberius
989 1647 1030 1718 in
1053 1651 1165 1722 tertio
1305 1735 1313 1744 ,
1337 1715 1342 1722 ,
1375 1708 1378 1716 .
1497 1693 1498 1718 l

240 1750 323 1850 plus
348 1753 518 1848 arripiat,
550 1750 669 1824 immo
691 1742 876 1821 interdum
902 1744 1061 1826 laxatum
1082 1771 1164 1828 non

239 1846 394 1945 sufficit,
432 1847 527 1926 adeo
547 1865 591 1926 ut
613 1873 662 1924 ex
679 1845 754 1947 ipsa
772 1844 969 1926 solutionis
990 1873 1086 1952 equa
1103 1849 1164 1927 de·

241 1954 363 2031 fedius
376 1952 581 2053 suppleatur
595 1948 765 2049 &frigus
777 1947 942 2026 sensibile
956 1970 1163 2050 generetur.

241 2053 432 2151 vicisim,
454 2050 641 2132 sraoidutn
656 2067 804 2130 aereum
817 2055 951 2154 ligator
965 2056 1068 2134 alkali
1083 2081 1166 2134 cau-
1327 2079 1329 2090 ¹

241 2160 361 2258 stico,
394 2173 497 2236 totus
520 2157 654 2235 sormae
673 2169 788 2234 adreae
807 2156 1024 2237 necessarius
1048 2183 1165 2262 penus

239 2267 385 2353 laxatur
400 2265 568 2363 &copie
586 2259 869 2362 respondentem
892 2262 1053 2340 calorem
1076 2285 1166 2364 pro·
1199 2271 1214 2290 ''

240 2383 355 2446 creat
419 2364 505 2442 Alia
523 2363 636 2444 fluida
655 2361 798 2452 elastioa
817 2364 917 2444 idem
940 2363 1165 2444 monstrant:

241 2471 310 2549 sub
322 2464 446 2571 genesi
468 2467 686 2566 refrigerant
709 2474 905 2555 viciniam,
928 2466 992 2548 sed
1009 2469 1099 2548 dunt
1120 2470 1166 2548 li·

239 2591 399 2679 gantur,
413 2571 642 2650 calefrnunt.

243 2865 249 2876 ,
318 2801 374 2872 320
389 2779 658 2857 Pmonnon
671 2803 797 2886 quoque
815 2779 1022 2884 nrtrffart‘ttm
1040 2779 1094 2886 affe
1107 2786 1167 2860 vi·

244 2882 362 2964 detur.
411 2886 464 2961 lta
477 2881 600 2980 acida,
624 2900 666 2959 ut
679 2885 907 2962 vitriolloum
921 2886 958 2962 dt
972 2884 1167 2985 nitrosum,
1198 2947 1201 2972 ,
1269 2921 1275 2936 ·

242 3006 326 3090 quae
340 3010 431 3088 pura
443 2986 584 3062 nullum
597 2993 636 3062 in
652 2979 732 3063 srnu
747 2985 1167 3090 fovent'inflammabile,
1316 3051 1320 3066 ,

242 3093 369 3170 calore
386 3088 534 3186 quidem
557 3097 599 3164 in·
612 3115 768 3192 vapores
788 3090 956 3169 elasticos
974 3091 1168 3170 resolvun-¹

243 3211 323 3283 tur,
348 3191 409 3270 sed
426 3188 500 3268 sola
514 3189 800 3292 refrigeratione
820 3200 861 3268 in
883 3190 1033 3294 liquidas
1048 3212 1169 3295 guttae

242 3297 469 3389 concidunt,
492 3291 618 3372 addito
633 3318 728 3371 vero
739 3293 925 3396 phlogisto
937 3307 1039 3374 aeres
1052 3320 1168 3396 gene·

243 3419 330 3485 rant
351 3397 514 3494 stabiles,
538 3397 641 3498 quod
654 3398 741 3474 ideo
760 3396 874 3474 instar
891 3402 1032 3476 vinculi
1050 3397 1168 3480 consu.

244 3502 451 3596 derandum
482 3499 557 3598 est,
596 3497 832 3578 necessariam
861 3506 997 3581 caloris
1019 3511 1168 3606 copiam

242 3607 359 3687 acidis
369 3606 558 3706 alligantis.
596 3603 697 3682 ldem
713 3606 812 3680 valet
824 3605 873 3684 de
884 3621 969 3684 ae're
982 3609 1169 3710 hepatico,

245 3721 312 3816 qui
324 3704 403 3786 stne
418 3708 667 3786 additamento
681 3706 853 3810 phlogisli
872 3735 893 3786 e
906 3707 1076 3812 sulphure
1088 3739 1169 3792 nou

245 3817 447 3896 obtinemr.
495 3811 615 3890 Arida
626 3835 732 3909 vero,
756 3837 839 3912 que
852 3813 1064 3914 phlogiston
1075 3813 1169 3894 sem.

245 3944 315 4024 per
329 3923 542 4002 contineor,
562 3931 605 3992 ut
627 3923 877 4010 muriaticum,
899 3915 1121 4015 fluoratum,
1146 3943 1169 4000 ο

246 4029 374 4124 reguis
404 4021 661 4120 vegetabilium
693 4021 757 4096 vel
787 4021 996 4098 animalium
1037 4027 1169 4123 elicita,

245 4151 329 4208 non
349 4119 417 4202 nist
434 4124 558 4202 calore
572 4137 684 4228 egent
699 4123 746 4203 td
765 4123 988 4206 induendam
1008 4123 1171 4208 sormam

246 4227 403 4311 aeream
553 4299 558 4308 ,

1032 4359 1092 4432 4¹0
1108 4331 1171 4413 stt.
