3342 5317
405 688 406 700 Ν
479 705 556 846 2'58
659 661 727 812 De
754 662 976 810 Produiiis
1003 709 1055 810 V
1048 689 1222 810 ulcanr‘r‘n

482 920 616 1024 restat,
642 945 759 1026 quum
774 946 866 1024 aqua
885 945 1015 1025 parum
1037 924 1133 1001 uitta
1148 937 1224 1022 zie
1243 919 1298 1001 sui
1315 939 1413 1028 pon·

486 1023 740 1110 derissolvere
805 1041 874 1104 eat

564 1135 666 1232 Qum
689 1135 791 1206 attui
808 1145 998 1208 momenta
1020 1152 1090 1232 pro
1108 1127 1318 1210 stabilienda
1342 1129 1417 1208 hu·

487 1241 546 1347 jus
565 1235 730 1314 materiei
761 1233 889 1314 indole
910 1233 1071 1313 calcarea
1090 1229 1254 1311 sufficere
1282 1234 1415 1313 viden·

487 1353 568 1439 tur,
594 1343 741 1417 interim
757 1353 894 1435 tamen,
920 1361 999 1437 quae
1014 1336 1170 1414 dehisce
1186 1354 1301 1437 agunt
1316 1340 1415 1416 ther·

487 1449 559 1524 mis
581 1437 843 1544 descriptiones
862 1449 1032 1544 optimc,
1071 1442 1175 1518 aliam
1197 1456 1417 1546 proponunt

488 1539 725 1642 sententiam,
749 1539 865 1623 nostri
883 1544 1011 1647 lapidis
1031 1543 1156 1624 habitu
1171 1553 1211 1624 in
1232 1553 1321 1646 igne
1336 1543 1414 1623 srne

489 1641 604 1730 dubio
625 1651 812 1748 innixam,
851 1673 962 1827 ppem
988 1647 1074 1726 ideo
1096 1657 1224 1727 attenti
1245 1645 1416 1728 conside·

491 1775 616 1834 remus
637 1769 797 1856 oportet.
892 1755 1025 1854 epetita
1048 1768 1187 1831 memet
1205 1755 1416 1833 docuerunt

489 1855 710 1954 tentamina,
734 1857 836 1960 quod
852 1855 1011 1959 lapidea,
1035 1855 1081 1933 de
1100 1880 1170 1960 qua
1185 1864 1319 1960 agitur,
1333 1883 1414 1934 cru·

492 1960 565 2050 sta,
598 1957 789 2040 sufficienti
812 1979 984 2064 tempore
1002 1961 1166 2040 candent
1180 1970 1253 2051 ἐὴ
1271 1961 1415 2064 ponde·

491 2069 542 2148 ris
566 2067 714 2144 circiter
732 2072 892 2160 amittat,
930 2087 1032 2164 reque
1053 2089 1096 2142 ac
1117 2067 1192 2142 aliae
1212 2083 1318 2142 terrae
1340 2070 1415 2143 cal-

489 2176 798 2272 careaepuriores.
845 2165 900 2246 Ut
912 2163 1100 2247 conclusio
1113 2171 1324 2246 obtineatur
1337 2194 1416 2248 cer·

491 2292 549 2372 ta,
574 2272 773 2376 prudenter
786 2277 828 2350 in
849 2269 932 2350 vase
955 2269 1079 2348 clauso
1099 2278 1179 2372 igni
1192 2293 1415 2375 exponatur,

492 2403 597 2476 nam
617 2377 829 2454 vehementi
864 2376 1150 2478 decrepitatione
1179 2380 1264 2454 alias
1291 2375 1414 2478 plures

493 2477 712 2558 disseminari
725 2474 871 2584 poffunt
881 2477 1076 2582 particulae.
1101 2479 1254 2558 Peraea
1268 2478 1415 2560 ustione

369 2597 371 2607 '
490 2583 713 2689 peculiarem
735 2585 951 2685 plerumque
971 2584 1094 2686 prodit
1114 2583 1300 2683 indolem,
1338 2601 1415 2664 ete-

490 2693 571 2766 nim
584 2711 670 2764 raro
683 2693 723 2764 in
737 2711 827 2788 aqua
842 2689 955 2764 ulium
967 2695 1104 2764 excitat
1118 2688 1294 2785 calorem,
1316 2711 1414 2792 quo·
1501 2770 1502 2773 ,

491 2815 652 2891 cumque
675 2789 822 2870 demum
843 2789 1016 2869 modo&
1036 2790 1151 2890 gradu
1173 2789 1336 2870 instituta
1355 2791 1414 2870 fu-
1501 2812 1502 2815 ’

491 2898 562 2974 erit
578 2902 758 2997 operatio:
786 2921 915 2996 aquam
929 2893 1038 2972 calcis
1058 2895 1177 2971 nihilo
1201 2903 1327 2976 minus
1349 2923 1414 2972 ex·
1499 2990 1500 2993 Ἴ

492 2999 614 3098 hibet,
654 2996 714 3077 sed
736 2998 837 3082 tarde
861 3000 899 3076 ἃ
923 2995 1076 3076 solvitur
1095 2999 1133 3076 &
1151 2995 1289 3075 fatiscit.
1354 2999 1415 3078 In·

493 3101 743 3182 calescentiam
763 3102 872 3183 calcis
893 3108 989 3179 vivre
1007 3127 1095 3180 cum
1120 3127 1212 3202 aqua
1240 3101 1325 3179 aiibi
1348 3130 1415 3180 ex-

488 3203 696 3311 plicavit),
721 3203 782 3282 sed
803 3204 899 3282 idem
922 3206 1044 3308 paullo
1072 3213 1231 3284 curatius
1250 3207 1336 3285 heic
1356 3233 1416 3284 re·

518 3326 618 3386 etere
629 3316 744 3410 juvat.
784 3308 970 3386 Ponamus
991 3316 1115 3410 itaque
1130 3326 1238 3385 cretae
1254 3314 1416 3412 vulgaris

490 3335 683 3490 frustulum
701 3407 914 3492 vehementi
926 3408 1131 3516 expositum
1152 3419 1249 3516 igni,
1274 3439 1343 3518 per
1358 3417 1417 3492 ali-

349 3511 354 3520 ’
519 3536 587 3594 uot
611 3514 723 3596 horas
744 3523 984 3611 continuato,
1007 3539 1057 3594 eo
1074 3511 1203 3617 sensim
1225 3517 1418 3598 dimidium

489 3543 569 3696 gere
597 3619 773 3722 ponderis
799 3617 957 3724 diffipari
987 3628 1257 3722 comperimus,
1298 3623 1418 3725 quod,

490 3723 580 3801 teste
594 3729 837 3826 experientia,
862 3749 984 3826 aquae,
1009 3731 1193 3827 inprimis
1208 3743 1331 3803 autem
1348 3735 1418 3805 aci·

490 3819 540 3906 do
557 3839 690 3926 ae're0,
717 3823 872 3932 expulsis
887 3827 1048 3905 debetur.
1087 3825 1304 3907 Calcareum
1317 3831 1418 3917 hisce

489 3921 513 4006 s
531 3931 679 4008 oliatum
695 3927 784 4029 mhi
800 3928 895 4008 aliud
912 3939 952 4008 in
972 3928 1063 4009 foco
1078 3939 1233 4036 reperit,
1259 3939 1299 4011 in
1315 3931 1417 4036 quod

506 4059 588 4122 uam
618 4053 791 4114 exerceat
816 4035 1099 4136 attractionem,
1130 4061 1253 4140 ,quam
1283 4041 1416 4116 caloris

487 4143 695 4240 materiam,
732 4139 821 4218 iliud
847 4132 1120 4246 permeantem,
1151 4142 1198 4250 j&
1222 4137 1294 4225 hac
1316 4141 1415 4240 ideo,

523 4337 681 4431 riopust.
696 4339 772 4442 'vot
794 4345 827 4430 i,
847 4363 914 4435 pag.
933 4351 983 4435 aa,
1023 4362 1027 4368 ·
1062 4357 1069 4369 ·
1102 4317 1106 4324 ’
1152 4357 1186 4391 ⁴.
1372 4260 1413 4326 nt
