<?xml version="1.0" encoding="UTF-8"?>
<!DOCTYPE html PUBLIC "-//W3C//DTD XHTML 1.0 Transitional//EN"
    "http://www.w3.org/TR/xhtml1/DTD/xhtml1-transitional.dtd">
<html xmlns="http://www.w3.org/1999/xhtml" xml:lang="en" lang="en">
 <head>
  <title>
</title>
<meta http-equiv="Content-Type" content="text/html;charset=utf-8" />
  <meta name='ocr-system' content='tesseract 3.04.00' />
  <meta name='ocr-capabilities' content='ocr_page ocr_carea ocr_par ocr_line ocrx_word'/>
</head>
<body>
  <div class='ocr_page' id='page_1' title='image "./opusculaphysica00berggoog/opusculaphysica00berggoog_0402.png"; bbox 0 0 3342 5317; ppageno 0'>
   <div class='ocr_carea' id='block_1_1' title="bbox 465 651 1256 788">
    <p class='ocr_par' dir='ltr' id='par_1_1' title="bbox 465 651 1256 788">
     <span class='ocr_line' id='line_1_1' title="bbox 465 651 1256 788; baseline -0.014 -21"><span class='ocrx_word' id='word_1_1' title='bbox 465 702 554 788; x_wconf 75' lang='lat'>404</span> <span class='ocrx_word' id='word_1_2' title='bbox 610 651 680 764; x_wconf 79' lang='lat' dir='ltr'>De</span> <span class='ocrx_word' id='word_1_3' title='bbox 706 669 1029 764; x_wconf 64' lang='lat' dir='ltr'>Attraii&#39;t‘ont&#39;bus</span> <span class='ocrx_word' id='word_1_4' title='bbox 1052 670 1256 764; x_wconf 70' lang='lat' dir='ltr'>Elelit‘vt‘t.</span> 
     </span>
    </p>
   </div>
   <div class='ocr_carea' id='block_1_2' title="bbox 386 871 1395 1804">
    <p class='ocr_par' dir='ltr' id='par_1_2' title="bbox 386 871 1395 1804">
     <span class='ocr_line' id='line_1_2' title="bbox 386 871 1388 980; baseline -0.01 -18"><span class='ocrx_word' id='word_1_5' title='bbox 386 926 397 962; x_wconf 82' lang='lat' dir='ltr'>l</span> <span class='ocrx_word' id='word_1_6' title='bbox 468 881 637 980; x_wconf 81' lang='lat' dir='ltr'>erumpit</span> <span class='ocrx_word' id='word_1_7' title='bbox 688 875 725 950; x_wconf 85' lang='lat' dir='ltr'>Si</span> <span class='ocrx_word' id='word_1_8' title='bbox 746 875 828 952; x_wconf 75' lang='lat' dir='ltr'>hnc</span> <span class='ocrx_word' id='word_1_9' title='bbox 846 899 935 954; x_wconf 85' lang='lat' dir='ltr'>vera</span> <span class='ocrx_word' id='word_1_10' title='bbox 956 873 1058 970; x_wconf 83' lang='lat' dir='ltr'>sunt,</span> <span class='ocrx_word' id='word_1_11' title='bbox 1089 873 1197 953; x_wconf 81' lang='lat' dir='ltr'>facile</span> <span class='ocrx_word' id='word_1_12' title='bbox 1218 871 1388 976; x_wconf 84' lang='lat' dir='ltr'>intelllgi·</span> 
     </span>
     <span class='ocr_line' id='line_1_3' title="bbox 469 976 1388 1080; baseline -0.01 -18"><span class='ocrx_word' id='word_1_13' title='bbox 469 1001 551 1080; x_wconf 88' lang='lat' dir='ltr'>tur,</span> <span class='ocrx_word' id='word_1_14' title='bbox 589 1003 657 1058; x_wconf 88' lang='lat' dir='ltr'>cut</span> <span class='ocrx_word' id='word_1_15' title='bbox 674 1005 724 1056; x_wconf 83' lang='lat' dir='ltr'>ex</span> <span class='ocrx_word' id='word_1_16' title='bbox 749 977 856 1056; x_wconf 85' lang='lat' dir='ltr'>acido</span> <span class='ocrx_word' id='word_1_17' title='bbox 881 988 969 1056; x_wconf 85' lang='lat' dir='ltr'>nitri</span> <span class='ocrx_word' id='word_1_18' title='bbox 996 979 1147 1056; x_wconf 81' lang='lat' dir='ltr'>cuilibet</span> <span class='ocrx_word' id='word_1_19' title='bbox 1172 976 1252 1054; x_wconf 83' lang='lat' dir='ltr'>fere</span> <span class='ocrx_word' id='word_1_20' title='bbox 1281 999 1388 1054; x_wconf 84' lang='lat' dir='ltr'>mate·</span> 
     </span>
     <span class='ocr_line' id='line_1_4' title="bbox 471 1079 1391 1183; baseline -0.005 -20"><span class='ocrx_word' id='word_1_21' title='bbox 471 1095 534 1163; x_wconf 75' lang='lat' dir='ltr'>rin</span> <span class='ocrx_word' id='word_1_22' title='bbox 565 1079 713 1178; x_wconf 82' lang='lat' dir='ltr'>adfuso,</span> <span class='ocrx_word' id='word_1_23' title='bbox 758 1081 858 1159; x_wconf 89' lang='lat' dir='ltr'>idem</span> <span class='ocrx_word' id='word_1_24' title='bbox 882 1081 1105 1183; x_wconf 80' lang='lat' dir='ltr'>adquiritur,</span> <span class='ocrx_word' id='word_1_25' title='bbox 1140 1091 1259 1159; x_wconf 90' lang='lat' dir='ltr'>immo</span> <span class='ocrx_word' id='word_1_26' title='bbox 1290 1105 1391 1158; x_wconf 83' lang='lat' dir='ltr'>nova</span> 
     </span>
     <span class='ocr_line' id='line_1_5' title="bbox 469 1182 1391 1294; baseline -0.007 -28"><span class='ocrx_word' id='word_1_27' title='bbox 469 1194 613 1294; x_wconf 85' lang='lat' dir='ltr'>portio,</span> <span class='ocrx_word' id='word_1_28' title='bbox 637 1182 665 1260; x_wconf 85' lang='lat' dir='ltr'>li</span> <span class='ocrx_word' id='word_1_29' title='bbox 688 1193 870 1263; x_wconf 81' lang='lat' dir='ltr'>emaciatoe</span> <span class='ocrx_word' id='word_1_30' title='bbox 894 1187 1038 1263; x_wconf 81' lang='lat' dir='ltr'>acidum</span> <span class='ocrx_word' id='word_1_31' title='bbox 1063 1191 1151 1263; x_wconf 87' lang='lat' dir='ltr'>nitri</span> <span class='ocrx_word' id='word_1_32' title='bbox 1176 1183 1302 1262; x_wconf 90' lang='lat' dir='ltr'>denuo</span> <span class='ocrx_word' id='word_1_33' title='bbox 1329 1185 1391 1260; x_wconf 90' lang='lat' dir='ltr'>ad-</span> 
     </span>
     <span class='ocr_line' id='line_1_6' title="bbox 470 1285 1392 1390; baseline -0.005 -22"><span class='ocrx_word' id='word_1_34' title='bbox 470 1296 576 1368; x_wconf 84' lang='lat' dir='ltr'>ditur.</span> <span class='ocrx_word' id='word_1_35' title='bbox 626 1287 789 1364; x_wconf 81' lang='lat' dir='ltr'>Acidttm</span> <span class='ocrx_word' id='word_1_36' title='bbox 814 1285 933 1368; x_wconf 89' lang='lat' dir='ltr'>solum</span> <span class='ocrx_word' id='word_1_37' title='bbox 965 1307 1065 1368; x_wconf 90' lang='lat' dir='ltr'>tanta</span> <span class='ocrx_word' id='word_1_38' title='bbox 1093 1288 1227 1390; x_wconf 88' lang='lat' dir='ltr'>gaudet</span> <span class='ocrx_word' id='word_1_39' title='bbox 1259 1286 1392 1366; x_wconf 83' lang='lat' dir='ltr'>volati-</span> 
     </span>
     <span class='ocr_line' id='line_1_7' title="bbox 469 1389 1393 1496; baseline -0.004 -24"><span class='ocrx_word' id='word_1_40' title='bbox 469 1398 592 1488; x_wconf 85' lang='lat' dir='ltr'>litate,</span> <span class='ocrx_word' id='word_1_41' title='bbox 616 1412 658 1469; x_wconf 91' lang='lat' dir='ltr'>ut</span> <span class='ocrx_word' id='word_1_42' title='bbox 680 1391 853 1493; x_wconf 87' lang='lat' dir='ltr'>effugiat,</span> <span class='ocrx_word' id='word_1_43' title='bbox 877 1414 963 1472; x_wconf 88' lang='lat' dir='ltr'>ante</span> <span class='ocrx_word' id='word_1_44' title='bbox 989 1419 1073 1471; x_wconf 85' lang='lat' dir='ltr'>uam</span> <span class='ocrx_word' id='word_1_45' title='bbox 1096 1389 1280 1496; x_wconf 83' lang='lat' dir='ltr'>phlogillo</span> <span class='ocrx_word' id='word_1_46' title='bbox 1302 1397 1393 1468; x_wconf 87' lang='lat' dir='ltr'>reci·</span> 
     </span>
     <span class='ocr_line' id='line_1_8' title="bbox 468 1419 1394 1604; baseline -0.004 -28"><span class='ocrx_word' id='word_1_47' title='bbox 468 1495 607 1604; x_wconf 79' lang='lat' dir='ltr'>piendo</span> <span class='ocrx_word' id='word_1_48' title='bbox 638 1495 815 1572; x_wconf 77' lang='lat' dir='ltr'>idoneam</span> <span class='ocrx_word' id='word_1_49' title='bbox 851 1419 1086 1598; x_wconf 85' lang='lat' dir='ltr'>adquillverit</span> <span class='ocrx_word' id='word_1_50' title='bbox 1115 1503 1394 1573; x_wconf 86' lang='lat' dir='ltr'>concenttatio·</span> 
     </span>
     <span class='ocr_line' id='line_1_9' title="bbox 469 1595 1393 1698; baseline -0.004 -20"><span class='ocrx_word' id='word_1_51' title='bbox 469 1627 567 1678; x_wconf 88' lang='lat' dir='ltr'>nem.</span> <span class='ocrx_word' id='word_1_52' title='bbox 626 1595 723 1676; x_wconf 80' lang='lat' dir='ltr'>Basts</span> <span class='ocrx_word' id='word_1_53' title='bbox 757 1599 915 1678; x_wconf 87' lang='lat' dir='ltr'>adhibita</span> <span class='ocrx_word' id='word_1_54' title='bbox 950 1601 1096 1678; x_wconf 88' lang='lat' dir='ltr'>acidum</span> <span class='ocrx_word' id='word_1_55' title='bbox 1129 1597 1231 1698; x_wconf 76' lang='lat' dir='ltr'>figit,</span> <span class='ocrx_word' id='word_1_56' title='bbox 1263 1597 1302 1676; x_wconf 77' lang='lat' dir='ltr'>dt</span> <span class='ocrx_word' id='word_1_57' title='bbox 1331 1605 1393 1674; x_wconf 89' lang='lat' dir='ltr'>in-</span> 
     </span>
     <span class='ocr_line' id='line_1_10' title="bbox 466 1701 1395 1804; baseline -0.002 -23"><span class='ocrx_word' id='word_1_58' title='bbox 466 1701 679 1781; x_wconf 87' lang='lat' dir='ltr'>flammabili</span> <span class='ocrx_word' id='word_1_59' title='bbox 713 1702 816 1782; x_wconf 82' lang='lat' dir='ltr'>foeta</span> <span class='ocrx_word' id='word_1_60' title='bbox 857 1711 968 1783; x_wconf 90' lang='lat' dir='ltr'>initio</span> <span class='ocrx_word' id='word_1_61' title='bbox 998 1701 1121 1782; x_wconf 69' lang='lat' dir='ltr'>aerem</span> <span class='ocrx_word' id='word_1_62' title='bbox 1150 1717 1304 1804; x_wconf 83' lang='lat' dir='ltr'>generat</span> <span class='ocrx_word' id='word_1_63' title='bbox 1334 1709 1395 1780; x_wconf 89' lang='lat' dir='ltr'>ni·</span> 
     </span>
    </p>
   </div>
   <div class='ocr_carea' id='block_1_3' title="bbox 336 1803 900 1942">
    <p class='ocr_par' dir='ltr' id='par_1_3' title="bbox 336 1803 900 1942">
     <span class='ocr_line' id='line_1_11' title="bbox 336 1803 900 1942; baseline -0.007 -54"><span class='ocrx_word' id='word_1_64' title='bbox 336 1927 342 1942; x_wconf 27' lang='lat'><strong>¹</strong></span> <span class='ocrx_word' id='word_1_65' title='bbox 467 1805 607 1888; x_wconf 77' lang='lat' dir='ltr'>troium</span> <span class='ocrx_word' id='word_1_66' title='bbox 631 1805 783 1884; x_wconf 85' lang='lat' dir='ltr'>modico</span> <span class='ocrx_word' id='word_1_67' title='bbox 804 1803 900 1884; x_wconf 76' lang='lat' dir='ltr'>testu</span> 
     </span>
    </p>
   </div>
   <div class='ocr_carea' id='block_1_4' title="bbox 429 2008 1395 4371">
    <p class='ocr_par' dir='ltr' id='par_1_4' title="bbox 464 2008 1395 3036">
     <span class='ocr_line' id='line_1_12' title="bbox 540 2008 1394 2114; baseline 0.002 -26"><span class='ocrx_word' id='word_1_68' title='bbox 540 2013 764 2109; x_wconf 66' lang='lat' dir='ltr'>Mirm,</span> <span class='ocrx_word' id='word_1_69' title='bbox 789 2037 870 2114; x_wconf 80' lang='lat' dir='ltr'>qutc</span> <span class='ocrx_word' id='word_1_70' title='bbox 885 2008 962 2088; x_wconf 84' lang='lat' dir='ltr'>stne</span> <span class='ocrx_word' id='word_1_71' title='bbox 977 2018 1083 2089; x_wconf 92' lang='lat' dir='ltr'>omni</span> <span class='ocrx_word' id='word_1_72' title='bbox 1092 2010 1254 2112; x_wconf 86' lang='lat' dir='ltr'>nitroso,</span> <span class='ocrx_word' id='word_1_73' title='bbox 1269 2025 1394 2090; x_wconf 84' lang='lat' dir='ltr'>ae&#39;rem</span> 
     </span>
     <span class='ocr_line' id='line_1_13' title="bbox 467 2113 1395 2220; baseline -0.002 -28"><span class='ocrx_word' id='word_1_74' title='bbox 467 2136 645 2220; x_wconf 85' lang='lat' dir='ltr'>promunt</span> <span class='ocrx_word' id='word_1_75' title='bbox 666 2119 833 2214; x_wconf 86' lang='lat' dir='ltr'>vitalem,</span> <span class='ocrx_word' id='word_1_76' title='bbox 858 2117 1075 2216; x_wconf 90' lang='lat' dir='ltr'>plerumque</span> <span class='ocrx_word' id='word_1_77' title='bbox 1100 2119 1271 2194; x_wconf 85' lang='lat' dir='ltr'>metallici</span> <span class='ocrx_word' id='word_1_78' title='bbox 1288 2113 1395 2217; x_wconf 90' lang='lat' dir='ltr'>quid-</span> 
     </span>
     <span class='ocr_line' id='line_1_14' title="bbox 467 2219 1392 2322; baseline -0.002 -26"><span class='ocrx_word' id='word_1_79' title='bbox 467 2245 579 2322; x_wconf 88' lang='lat' dir='ltr'>quam</span> <span class='ocrx_word' id='word_1_80' title='bbox 609 2229 824 2305; x_wconf 82' lang='lat' dir='ltr'>continent,</span> <span class='ocrx_word' id='word_1_81' title='bbox 860 2219 961 2320; x_wconf 90' lang='lat' dir='ltr'>quod</span> <span class='ocrx_word' id='word_1_82' title='bbox 999 2221 1215 2296; x_wconf 87' lang='lat' dir='ltr'>vehementi</span> <span class='ocrx_word' id='word_1_83' title='bbox 1252 2237 1392 2296; x_wconf 86' lang='lat' dir='ltr'>tortum</span> 
     </span>
     <span class='ocr_line' id='line_1_15' title="bbox 466 2320 1392 2426; baseline -0.002 -26"><span class='ocrx_word' id='word_1_84' title='bbox 466 2331 576 2422; x_wconf 83' lang='lat' dir='ltr'>igne,</span> <span class='ocrx_word' id='word_1_85' title='bbox 611 2325 776 2400; x_wconf 86' lang='lat' dir='ltr'>calorem</span> <span class='ocrx_word' id='word_1_86' title='bbox 800 2325 1059 2424; x_wconf 91' lang='lat' dir='ltr'>decomponit,</span> <span class='ocrx_word' id='word_1_87' title='bbox 1094 2325 1155 2400; x_wconf 85' lang='lat' dir='ltr'>vel</span> <span class='ocrx_word' id='word_1_88' title='bbox 1179 2320 1392 2426; x_wconf 85' lang='lat' dir='ltr'>specificum</span> 
     </span>
     <span class='ocr_line' id='line_1_16' title="bbox 465 2423 1393 2528; baseline -0.003 -24"><span class='ocrx_word' id='word_1_89' title='bbox 465 2428 730 2525; x_wconf 68' lang='lat' dir='ltr'>inhaerentem,</span> <span class='ocrx_word' id='word_1_90' title='bbox 763 2430 825 2503; x_wconf 84' lang='lat' dir='ltr'>vel</span> <span class='ocrx_word' id='word_1_91' title='bbox 850 2425 1020 2528; x_wconf 84' lang='lat' dir='ltr'>pervasa</span> <span class='ocrx_word' id='word_1_92' title='bbox 1048 2424 1253 2504; x_wconf 78' lang='lat' dir='ltr'>immillum.</span> <span class='ocrx_word' id='word_1_93' title='bbox 1303 2423 1393 2504; x_wconf 86' lang='lat' dir='ltr'>Cal·</span> 
     </span>
     <span class='ocr_line' id='line_1_17' title="bbox 465 2527 1394 2612; baseline -0.005 -1"><span class='ocrx_word' id='word_1_94' title='bbox 465 2555 529 2612; x_wconf 78' lang='lat' dir='ltr'>ces</span> <span class='ocrx_word' id='word_1_95' title='bbox 554 2531 799 2607; x_wconf 78' lang='lat' dir='ltr'>nobles-hoc</span> <span class='ocrx_word' id='word_1_96' title='bbox 829 2527 946 2606; x_wconf 90' lang='lat' dir='ltr'>modo</span> <span class='ocrx_word' id='word_1_97' title='bbox 971 2535 1012 2606; x_wconf 90' lang='lat' dir='ltr'>in</span> <span class='ocrx_word' id='word_1_98' title='bbox 1045 2529 1206 2607; x_wconf 80' lang='lat' dir='ltr'>formam</span> <span class='ocrx_word' id='word_1_99' title='bbox 1237 2531 1394 2606; x_wconf 82' lang='lat' dir='ltr'>metalli·</span> 
     </span>
     <span class='ocr_line' id='line_1_18' title="bbox 465 2627 1393 2736; baseline -0.004 -24"><span class='ocrx_word' id='word_1_100' title='bbox 465 2659 549 2712; x_wconf 87' lang='lat' dir='ltr'>cam</span> <span class='ocrx_word' id='word_1_101' title='bbox 573 2635 699 2710; x_wconf 83' lang='lat' dir='ltr'>reduci</span> <span class='ocrx_word' id='word_1_102' title='bbox 722 2633 899 2712; x_wconf 79' lang='lat' dir='ltr'>videntur</span> <span class='ocrx_word' id='word_1_103' title='bbox 930 2627 1008 2708; x_wconf 76' lang='lat' dir='ltr'>line</span> <span class='ocrx_word' id='word_1_104' title='bbox 1039 2631 1222 2736; x_wconf 85' lang='lat' dir='ltr'>phlogisto</span> <span class='ocrx_word' id='word_1_105' title='bbox 1248 2631 1393 2728; x_wconf 88' lang='lat' dir='ltr'>addito,</span> 
     </span>
     <span class='ocr_line' id='line_1_19' title="bbox 465 2733 1392 2837; baseline -0.003 -22"><span class='ocrx_word' id='word_1_106' title='bbox 465 2743 575 2815; x_wconf 87' lang='lat' dir='ltr'>etiam</span> <span class='ocrx_word' id='word_1_107' title='bbox 606 2738 695 2832; x_wconf 76' lang='lat' dir='ltr'>illae,</span> <span class='ocrx_word' id='word_1_108' title='bbox 734 2761 817 2837; x_wconf 76' lang='lat' dir='ltr'>qum</span> <span class='ocrx_word' id='word_1_109' title='bbox 854 2761 925 2814; x_wconf 90' lang='lat' dir='ltr'>nec</span> <span class='ocrx_word' id='word_1_110' title='bbox 955 2735 1097 2814; x_wconf 87' lang='lat' dir='ltr'>acidum</span> <span class='ocrx_word' id='word_1_111' title='bbox 1135 2751 1288 2813; x_wconf 64' lang='lat' dir='ltr'>aereum</span> <span class='ocrx_word' id='word_1_112' title='bbox 1323 2733 1392 2812; x_wconf 84' lang='lat' dir='ltr'>sub</span> 
     </span>
     <span class='ocr_line' id='line_1_20' title="bbox 464 2837 1392 2946; baseline 0.002 -32"><span class='ocrx_word' id='word_1_113' title='bbox 464 2845 755 2946; x_wconf 69' lang='lat' dir='ltr'>precipitatione</span> <span class='ocrx_word' id='word_1_114' title='bbox 784 2845 988 2938; x_wconf 83' lang='lat' dir='ltr'>recipiunt,</span> <span class='ocrx_word' id='word_1_115' title='bbox 1013 2863 1086 2916; x_wconf 89' lang='lat' dir='ltr'>nec</span> <span class='ocrx_word' id='word_1_116' title='bbox 1108 2837 1308 2940; x_wconf 82' lang='lat' dir='ltr'>quidquam</span> <span class='ocrx_word' id='word_1_117' title='bbox 1331 2865 1392 2916; x_wconf 88' lang='lat' dir='ltr'>te·</span> 
     </span>
     <span class='ocr_line' id='line_1_21' title="bbox 464 2937 1392 3036; baseline 0.001 -18"><span class='ocrx_word' id='word_1_118' title='bbox 464 2941 635 3018; x_wconf 88' lang='lat' dir='ltr'>condunt</span> <span class='ocrx_word' id='word_1_119' title='bbox 661 2937 923 3036; x_wconf 65' lang='lat' dir='ltr'>aerumnosi,</span> <span class='ocrx_word' id='word_1_120' title='bbox 950 2961 991 3018; x_wconf 91' lang='lat' dir='ltr'>ut</span> <span class='ocrx_word' id='word_1_121' title='bbox 1018 2969 1149 3020; x_wconf 85' lang='lat' dir='ltr'>autum</span> <span class='ocrx_word' id='word_1_122' title='bbox 1180 2945 1288 3022; x_wconf 86' lang='lat' dir='ltr'>acido</span> <span class='ocrx_word' id='word_1_123' title='bbox 1306 2969 1392 3022; x_wconf 90' lang='lat' dir='ltr'>mu-</span> 
     </span>
    </p>

    <p class='ocr_par' dir='ltr' id='par_1_5' title="bbox 429 3042 1393 4292">
     <span class='ocr_line' id='line_1_22' title="bbox 429 3042 1392 3148; baseline 0.002 -28"><span class='ocrx_word' id='word_1_124' title='bbox 429 3055 438 3090; x_wconf 61' lang='lat'>*</span> <span class='ocrx_word' id='word_1_125' title='bbox 463 3053 526 3120; x_wconf 77' lang='lat' dir='ltr'>rite</span> <span class='ocrx_word' id='word_1_126' title='bbox 546 3042 848 3147; x_wconf 82' lang='lat' dir='ltr'>dephlogiliicato</span> <span class='ocrx_word' id='word_1_127' title='bbox 879 3043 1036 3123; x_wconf 89' lang='lat' dir='ltr'>solutum</span> <span class='ocrx_word' id='word_1_128' title='bbox 1056 3050 1093 3124; x_wconf 84' lang='lat'>&amp;</span> <span class='ocrx_word' id='word_1_129' title='bbox 1116 3045 1242 3148; x_wconf 87' lang='lat' dir='ltr'>postea</span> <span class='ocrx_word' id='word_1_130' title='bbox 1263 3047 1392 3124; x_wconf 88' lang='lat' dir='ltr'>detur-</span> 
     </span>
     <span class='ocr_line' id='line_1_23' title="bbox 462 3148 1392 3252; baseline 0 -26"><span class='ocrx_word' id='word_1_131' title='bbox 462 3150 612 3227; x_wconf 85' lang='lat' dir='ltr'>batum..</span> <span class='ocrx_word' id='word_1_132' title='bbox 649 3148 779 3228; x_wconf 83' lang='lat' dir='ltr'>Calces</span> <span class='ocrx_word' id='word_1_133' title='bbox 792 3149 974 3250; x_wconf 86' lang='lat' dir='ltr'>ignobiles</span> <span class='ocrx_word' id='word_1_134' title='bbox 988 3151 1147 3252; x_wconf 87' lang='lat' dir='ltr'>plumbi,</span> <span class='ocrx_word' id='word_1_135' title='bbox 1171 3149 1283 3248; x_wconf 82' lang='lat' dir='ltr'>fetri,</span> <span class='ocrx_word' id='word_1_136' title='bbox 1308 3157 1392 3226; x_wconf 87' lang='lat' dir='ltr'>zin-</span> 
     </span>
     <span class='ocr_line' id='line_1_24' title="bbox 462 3249 1392 3354; baseline -0.001 -24"><span class='ocrx_word' id='word_1_137' title='bbox 462 3261 518 3341; x_wconf 89' lang='lat' dir='ltr'>ci,</span> <span class='ocrx_word' id='word_1_138' title='bbox 542 3249 719 3351; x_wconf 83' lang='lat' dir='ltr'>magnelti</span> <span class='ocrx_word' id='word_1_139' title='bbox 735 3257 771 3332; x_wconf 80' lang='lat' dir='ltr'>dt</span> <span class='ocrx_word' id='word_1_140' title='bbox 788 3251 888 3328; x_wconf 87' lang='lat' dir='ltr'>forte</span> <span class='ocrx_word' id='word_1_141' title='bbox 911 3253 1087 3352; x_wconf 83' lang='lat' dir='ltr'>plurium,</span> <span class='ocrx_word' id='word_1_142' title='bbox 1109 3256 1270 3330; x_wconf 87' lang='lat' dir='ltr'>calorem</span> <span class='ocrx_word' id='word_1_143' title='bbox 1292 3279 1392 3354; x_wconf 88' lang='lat' dir='ltr'>quo-</span> 
     </span>
     <span class='ocr_line' id='line_1_25' title="bbox 462 3353 1393 3458; baseline 0.003 -27"><span class='ocrx_word' id='word_1_144' title='bbox 462 3381 537 3457; x_wconf 88' lang='lat' dir='ltr'>que</span> <span class='ocrx_word' id='word_1_145' title='bbox 558 3355 844 3458; x_wconf 82' lang='lat' dir='ltr'>decomponere</span> <span class='ocrx_word' id='word_1_146' title='bbox 870 3357 1014 3454; x_wconf 88' lang='lat' dir='ltr'>valent,</span> <span class='ocrx_word' id='word_1_147' title='bbox 1055 3353 1117 3430; x_wconf 86' lang='lat' dir='ltr'>sed</span> <span class='ocrx_word' id='word_1_148' title='bbox 1138 3375 1281 3433; x_wconf 88' lang='lat' dir='ltr'>tantum</span> <span class='ocrx_word' id='word_1_149' title='bbox 1306 3365 1393 3434; x_wconf 88' lang='lat' dir='ltr'>reti·</span> 
     </span>
     <span class='ocr_line' id='line_1_26' title="bbox 462 3459 1392 3561; baseline 0.002 -25"><span class='ocrx_word' id='word_1_150' title='bbox 462 3483 555 3536; x_wconf 86' lang='lat' dir='ltr'>nere</span> <span class='ocrx_word' id='word_1_151' title='bbox 584 3477 795 3557; x_wconf 84' lang='lat' dir='ltr'>nequeunt,</span> <span class='ocrx_word' id='word_1_152' title='bbox 830 3476 1008 3558; x_wconf 89' lang='lat' dir='ltr'>quantum</span> <span class='ocrx_word' id='word_1_153' title='bbox 1046 3459 1256 3538; x_wconf 81' lang='lat' dir='ltr'>reduclioni</span> <span class='ocrx_word' id='word_1_154' title='bbox 1291 3485 1392 3561; x_wconf 77' lang='lat' dir='ltr'>opus</span> 
     </span>
     <span class='ocr_line' id='line_1_27' title="bbox 461 3558 1390 3661; baseline 0.004 -23"><span class='ocrx_word' id='word_1_155' title='bbox 461 3558 524 3638; x_wconf 79' lang='lat' dir='ltr'>est</span> <span class='ocrx_word' id='word_1_156' title='bbox 574 3559 765 3656; x_wconf 76' lang='lat' dir='ltr'>Magnesia</span> <span class='ocrx_word' id='word_1_157' title='bbox 779 3567 886 3661; x_wconf 89' lang='lat' dir='ltr'>nigra</span> <span class='ocrx_word' id='word_1_158' title='bbox 902 3561 1117 3660; x_wconf 85' lang='lat' dir='ltr'>nequidem</span> <span class='ocrx_word' id='word_1_159' title='bbox 1138 3562 1285 3640; x_wconf 83' lang='lat' dir='ltr'>albescit</span> <span class='ocrx_word' id='word_1_160' title='bbox 1306 3563 1390 3642; x_wconf 85' lang='lat' dir='ltr'>solo</span> 
     </span>
     <span class='ocr_line' id='line_1_28' title="bbox 462 3663 1390 3762; baseline 0.006 -24"><span class='ocrx_word' id='word_1_161' title='bbox 462 3673 568 3762; x_wconf 87' lang='lat' dir='ltr'>igne,</span> <span class='ocrx_word' id='word_1_162' title='bbox 603 3663 664 3738; x_wconf 84' lang='lat' dir='ltr'>sed</span> <span class='ocrx_word' id='word_1_163' title='bbox 690 3665 888 3762; x_wconf 85' lang='lat' dir='ltr'>adjuvante</span> <span class='ocrx_word' id='word_1_164' title='bbox 916 3665 1025 3742; x_wconf 89' lang='lat' dir='ltr'>acido</span> <span class='ocrx_word' id='word_1_165' title='bbox 1055 3667 1195 3744; x_wconf 86' lang='lat' dir='ltr'>vitrioli</span> <span class='ocrx_word' id='word_1_166' title='bbox 1224 3665 1390 3744; x_wconf 87' lang='lat' dir='ltr'>solubili-</span> 
     </span>
     <span class='ocr_line' id='line_1_29' title="bbox 463 3763 1391 3868; baseline 0.003 -25"><span class='ocrx_word' id='word_1_167' title='bbox 463 3774 529 3844; x_wconf 87' lang='lat' dir='ltr'>tati</span> <span class='ocrx_word' id='word_1_168' title='bbox 550 3764 784 3843; x_wconf 78' lang='lat' dir='ltr'>necessariam</span> <span class='ocrx_word' id='word_1_169' title='bbox 813 3763 894 3868; x_wconf 85' lang='lat' dir='ltr'>figit</span> <span class='ocrx_word' id='word_1_170' title='bbox 925 3774 1172 3867; x_wconf 86' lang='lat' dir='ltr'>quantitatem.</span> <span class='ocrx_word' id='word_1_171' title='bbox 1220 3773 1290 3846; x_wconf 89' lang='lat' dir='ltr'>Via</span> <span class='ocrx_word' id='word_1_172' title='bbox 1323 3773 1391 3848; x_wconf 88' lang='lat' dir='ltr'>hu-</span> 
     </span>
     <span class='ocr_line' id='line_1_30' title="bbox 461 3868 1390 3966; baseline 0.009 -23"><span class='ocrx_word' id='word_1_173' title='bbox 461 3868 560 3950; x_wconf 87' lang='lat' dir='ltr'>mida</span> <span class='ocrx_word' id='word_1_174' title='bbox 590 3871 798 3966; x_wconf 83' lang='lat' dir='ltr'>interdum,</span> <span class='ocrx_word' id='word_1_175' title='bbox 836 3895 923 3946; x_wconf 84' lang='lat' dir='ltr'>raro</span> <span class='ocrx_word' id='word_1_176' title='bbox 953 3889 1097 3962; x_wconf 85' lang='lat' dir='ltr'>tamen,</span> <span class='ocrx_word' id='word_1_177' title='bbox 1139 3875 1223 3952; x_wconf 77' lang='lat' dir='ltr'>talla</span> <span class='ocrx_word' id='word_1_178' title='bbox 1252 3899 1390 3951; x_wconf 87' lang='lat' dir='ltr'>occur-</span> 
     </span>
     <span class='ocr_line' id='line_1_31' title="bbox 462 3972 1390 4069; baseline 0.012 -26"><span class='ocrx_word' id='word_1_179' title='bbox 462 3990 551 4044; x_wconf 86' lang='lat' dir='ltr'>runt</span> <span class='ocrx_word' id='word_1_180' title='bbox 571 3972 824 4069; x_wconf 79' lang='lat' dir='ltr'>pbaenomena.</span> <span class='ocrx_word' id='word_1_181' title='bbox 875 3973 998 4051; x_wconf 84' lang='lat' dir='ltr'>Minio</span> <span class='ocrx_word' id='word_1_182' title='bbox 1030 3975 1171 4054; x_wconf 87' lang='lat' dir='ltr'>diutina</span> <span class='ocrx_word' id='word_1_183' title='bbox 1205 3985 1390 4056; x_wconf 86' lang='lat' dir='ltr'>emaciato</span> 
     </span>
     <span class='ocr_line' id='line_1_32' title="bbox 460 4075 1391 4176; baseline 0.012 -28"><span class='ocrx_word' id='word_1_184' title='bbox 460 4075 726 4160; x_wconf 83' lang='lat' dir='ltr'>calcinatione,</span> <span class='ocrx_word' id='word_1_185' title='bbox 742 4075 865 4176; x_wconf 84' lang='lat' dir='ltr'>paullo</span> <span class='ocrx_word' id='word_1_186' title='bbox 880 4079 1104 4173; x_wconf 78' lang='lat' dir='ltr'>majucacidi</span> <span class='ocrx_word' id='word_1_187' title='bbox 1114 4083 1391 4161; x_wconf 84' lang='lat' dir='ltr'>vitriolicicon-</span> 
     </span>
     <span class='ocr_line' id='line_1_33' title="bbox 454 4177 1391 4292; baseline 0.014 -43"><span class='ocrx_word' id='word_1_188' title='bbox 454 4181 613 4251; x_wconf 78' lang='lat' dir='ltr'>oenuati</span> <span class='ocrx_word' id='word_1_189' title='bbox 635 4179 815 4260; x_wconf 82' lang='lat' dir='ltr'>volumen</span> <span class='ocrx_word' id='word_1_190' title='bbox 832 4177 1081 4286; x_wconf 71' lang='lat' dir='ltr'>adluuntur,</span> <span class='ocrx_word' id='word_1_191' title='bbox 1113 4189 1156 4266; x_wconf 87' lang='lat' dir='ltr'>in</span> <span class='ocrx_word' id='word_1_192' title='bbox 1174 4191 1308 4292; x_wconf 80' lang='lat' dir='ltr'>exigua</span> <span class='ocrx_word' id='word_1_193' title='bbox 1322 4211 1391 4262; x_wconf 82' lang='lat' dir='ltr'>te-</span> 
     </span>
    </p>

    <p class='ocr_par' dir='ltr' id='par_1_6' title="bbox 577 4306 1391 4371">
     <span class='ocr_line' id='line_1_34' title="bbox 577 4306 1391 4371; baseline 0.001 -2"><span class='ocrx_word' id='word_1_194' title='bbox 577 4306 581 4317; x_wconf 84' lang='lat'><em>&#39;</em></span> <span class='ocrx_word' id='word_1_195' title='bbox 862 4311 870 4322; x_wconf 81' lang='grc'><strong>“</strong></span> <span class='ocrx_word' id='word_1_196' title='bbox 937 4313 957 4330; x_wconf 69' lang='grc'>“’</span> <span class='ocrx_word' id='word_1_197' title='bbox 1309 4307 1391 4371; x_wconf 87' lang='lat' dir='ltr'>tot·</span> 
     </span>
    </p>
   </div>
   <div class='ocr_carea' id='block_1_5' title="bbox 0 0 1676 5317">
    <p class='ocr_par' dir='ltr' id='par_1_7' title="bbox 0 0 1676 5317">
     <span class='ocr_line' id='line_1_35' title="bbox 0 0 1676 5317; baseline 0 3"><span class='ocrx_word' id='word_1_198' title='bbox 0 0 1676 5317; x_wconf 95' lang='lat' dir='ltr'> </span> 
     </span>
    </p>
   </div>
  </div>
 </body>
</html>
