3342 5317
485 718 568 817 308
624 692 1040 845 uenerationem
1059 690 1277 809 utrivis:

484 872 555 983 slus
578 888 683 983 haud'
698 884 847 985 difficile
866 898 1031 984 solvitur.
1085 902 1255 1003 Scilicet,
1293 906 1414 983 nitro·

485 1008 565 1087 sum
587 1006 737 1109 expellit
754 1010 938 1088 marinum
962 1011 1003 1082 ui
1025 999 1195 1107 srmplicis
1217 1001 1416 1089 adfinitatis
1490 1011 1491 1020 '

487 1112 589 1219 <vide
600 1109 746 1191 schema
762 1114 843 1207 42),
867 1115 1168 1205 marinumvero
1187 1108 1302 1189 inllar
1313 1120 1419 1214 prin·

486 1211 999 1403 gp¹spf⁰⁸¹m¹ffls¹³¹⁰ssssls9⁰
1023 1220 1215 1349 continet,
1243 1213 1422 1400 grem

484 1334 1266 1527 alillll‘itltll,littra
1307 1340 1420 1503 asaa's

310 1574 313 1585 =
484 1524 683 1611 saturatum
711 1524 926 1625 vegetabili,
960 1523 1229 1607 inflammabilis
1246 1536 1421 1611 materia

488 1630 543 1711 est
570 1628 834 1729 avidissimum,
872 1636 1014 1712 etenim
1043 1636 1183 1707 nitrum
1205 1656 1276 1733 per
1301 1659 1421 1713 unam

394 1736 397 1747 ‘
487 1737 687 1815 alteramve
709 1736 844 1819 horam
875 1732 996 1839 probe
1033 1740 1214 1837 ignitum,
1253 1744 1421 1817 omnino

489 1838 640 1942 quidem
656 1838 822 1917 neutrale
846 1844 1048 1941 reperitur,
1071 1838 1174 1917 unde
1194 1864 1314 1917 omne
1343 1848 1423 1922 aei·

428 1958 434 1969 “
487 1945 579 2033 dum
599 1938 734 2028 restare
753 1938 917 2040 constat,
954 1939 1018 2019 sed
1033 1966 1083 2019 eo
1115 1968 1236 2047 usque
1264 1945 1423 2052 phlogi-

487 2046 656 2127 sticatum
682 2048 720 2125 ἃ
749 2044 999 2139 debilitatum,
1037 2064 1081 2124 ut
1109 2064 1218 2147 aeeto
1244 2072 1422 2129 concen-

488 2167 589 2233 trato
603 2147 714 2253 possit
732 2152 927 2251 expelliti-
951 2150 1150 2247 XXXVII).
1199 2152 1304 2231 Hinc
1320 2151 1423 2254 fluit,

486 2253 588 2357 quod
603 2278 686 2358 pars
701 2254 946 2339 acidimarini
958 2259 1060 2332 nitro
1078 2250 1222 2353 adfusa,
1245 2256 1424 2337 median·

486 2375 526 2439 te
547 2359 670 2439 calore
689 2355 794 2435 suum
814 2354 958 2438 nitroso
979 2356 1151 2451 exhibeat
1180 2360 1421 2463 phlogislom

488 2488 537 2548 ao
554 2487 650 2541 vero
671 2460 844 2549 onustum
869 2486 962 2541 mox
982 2462 1185 2564 expellatur
1205 2468 1317 2543 acido
1336 2464 1424 2549 salia

484 2566 607 2647 adhuc
625 2574 785 2667 integro.
840 2564 936 2643 Vide
957 2563 1104 2644 schema
1120 2592 1166 2665 55.
1222 2569 1278 2645 lta
1297 2596 1421 2674 nego-

484 2677 582 2750 tium
604 2676 751 2773 peragi,
786 2671 824 2750 &
840 2667 916 2773 ipsa
942 2669 1081 2748 disiitar
1102 2678 1158 2749 rei
1179 2688 1337 2772 natura,
1380 2678 1421 2756 δι

485 2782 749 2879 proportiones
763 2770 983 2871 necessarie,
1006 2774 1046 2852 &
1063 2774 1164 2875 quod
1178 2782 1220 2853 in
1233 2782 1419 2881 excipulo

483 2878 689 2978 colligitur,
729 2876 903 2958 constans
926 2874 1035 2955 acido
1053 2874 1197 2956 nitroso
1218 2880 1420 2985 phlogisli·

484 2997 570 3061 cato
590 2982 628 3059 lla
649 2988 796 3063 marino
814 2999 891 3063 tam
914 2986 1086 3083 integro,
1125 3008 1236 3085 quam
1257 2984 1420 3091 dephlo·

479 3082 658 3189 gillieato.
703 3092 710 3099 ’

557 3291 614 3371 Ex
636 3292 775 3386 eodem
793 3290 1043 3371 fundamento
1060 3291 1265 3371 arsenicum
1286 3292 1421 3375 album

483 3401 527 3479 in
540 3394 787 3481 destillatione
806 3397 1084 3499 decomponere
1103 3398 1201 3475 valet
1219 3395 1311 3475 sales
1322 3426 1420 3479 neu

483 3505 617 3602 traleS,
642 3510 706 3603 qui
726 3500 836 3581 acido
852 3498 993 3579 scatent
1009 3498 1174 3599 nitroso,
1205 3522 1291 3580 non
1315 3526 1420 3581 vero

482 3606 587 3703 illos,
627 3615 693 3707 qui
713 3611 898 3683 marinrun
919 3612 1127 3683 continent
1168 3600 1252 3679 'Est
1270 3628 1421 3709 nempe

480 3706 687 3789 &sensuum
699 3708 823 3789 album
846 3711 940 3787 nillil
963 3709 1083 3806 aliud,
1117 3732 1229 3810 quam
1253 3705 1418 3811 sulphu-

480 3819 534 3891 ris
571 3811 730 3915 species,
777 3812 886 3891 acido
910 3812 1065 3891 arsenici
1092 3814 1132 3891 &
1159 3812 1418 3893 determinata

479 3914 653 4099 ffirlogisti
671 3924 873 4020 quantitate
891 3912 1096 4020 compofira
1114 3912 1205 4013 (virs
1236 3922 1270 4017 §.
1305 3918 1419 4015 XX)

546 4020 675 4101 nostro
694 4029 809 4125 igitur
825 4018 909 4099 casu
930 4038 1088 4119 pagrum
1106 4026 1288 4120 materie,
1327 4026 1419 4117 (vl-

480 4122 529 4203 de
548 4122 693 4203 schema
719 4130 797 4225 56),
827 4127 867 4205 &
883 4151 999 4227 quum
1017 4126 1164 4203 acrum
1182 4131 1272 4203 nitri
1297 4126 1418 4227 phlo-

477 4224 604 4333 glston
623 4227 730 4315 larisa
757 4230 938 4335 mahar,
972 4230 1214 4336 ejusdemque
1238 4229 1312 4309 hac
1332 4253 1416 4416 Zoil-
