3342 5317
481 750 569 846 420
609 725 678 825 De
707 719 1031 824 Attrnd'iom‘bus
1058 722 1265 824 Eleuteti.

338 917 343 926 ⁸
486 954 584 1036 tant,
606 929 746 1014 idoneo
764 951 874 1014 motu
895 933 1080 1014 lucens&
1099 935 1271 1040 inequalt
1290 931 1407 1014 densi·

476 4273 555 4393 qius
568 4247 841 4353 liquescentium
854 4251 937 4358 plus
949 4249 1119 4334 absorbet
1132 4252 1279 4355 caloris,
1293 4277 1410 4356 quam

489 1056 565 1121 tate
608 1057 862 1168 temperaturae
905 1061 1118 1166 provocans
1168 1035 1407 1140 diversitates,

489 1139 1190 1328 liittilssultuiitli
1206 1160 1410 1328 ttulit

494 1360 537 1431 in
568 1375 616 1429 co
687 1349 789 1430 ribus
816 1367 940 1430 taman
972 1349 1038 1452 figi
1065 1347 1184 1452 potest
1212 1352 1250 1432 &
1279 1373 1411 1430 eorum

494 1478 631 1557 compo
646 1458 803 1533 itionem
826 1453 939 1534 instar
964 1461 1134 1558 principii
1159 1454 1327 1556 ingredi,
1370 1460 1412 1535 in

489 1582 569 1662 ‘¹¹³⁰
582 1555 1411 1742 lilibidldltililitiiuiz

466 1685 829 1869 ,ffilettslrliereptacffi
853 1686 1128 1865 demonstrqqo,
1152 1721 1256 1867 quo’d
1270 1767 1410 1869 pluogr·

491 1867 578 1948 lion
594 1870 784 1948 liberatum
806 1869 898 1948 nihil
936 1863 980 1946 stt
1002 1866 1119 1967 aliud,
1143 1891 1253 1970 quam
1273 1883 1337 1948 aer
1354 1876 1411 1948 in·

489 1964 720 2052 flammabilir
742 1975 800 2072 (i
832 1972 1002 2076 XLVII).
1051 1972 1136 2048 Lux
1160 1989 1336 2076 preterea
1357 1989 1412 2052 te·

491 2085 632 2156 nultate
642 2077 759 2156 calori
785 2073 1039 2182 postponenda
1050 2074 1206 2156 videtur.

489 2303 497 2322 ‘
565 2283 681 2362 llzurr.
730 2281 830 2358 Arrr
849 2287 973 2462 iqnem
987 2283 1269 2392 elementarem,
1294 2287 1413 2386 quiin

484 2379 586 2569 &tu
599 2385 776 2464 libertatis
791 2387 869 2463 c'ale
887 2393 981 2485 acit,
1004 2385 1221 2490 aphlogisto
1237 2411 1318 2464 non
1334 2405 1413 2464 tan-

537 2517 575 2568 m
607 2489 816 2584 distinctum
852 2507 1006 2592 urgent,
1049 2487 1112 2566 sed
1137 2489 1230 2568 adeo
1261 2515 1413 2592 quoque

493 2602 743 2692 contrarium,
768 2611 811 2670 ut
823 2616 941 2670 unum
960 2594 1097 2694 ubique
1120 2594 1272 2671 alterurn
1287 2594 1414 2696 expel-

495 2699 565 2802 lat,
594 2695 711 2774 saltim
733 2721 804 2797 qua
822 2714 972 2798 partem.
1022 2699 1102 2774 Aer
1144 2693 1414 2796 hlogisticatio·

436 2895 440 2900 ¹
484 2816 544 2879 fine
563 2799 719 2876 multum
739 2802 836 2875 laxat
859 2801 992 2878 caloris
1020 2797 1112 2904 spec'
1143 2808 1197 2892 ci,
1234 2807 1296 2900 qui
1323 2801 1415 2877 libe·

492 2903 592 2982 'ratus
608 2905 645 2981 δι
663 2918 841 3002 quantum
862 2899 946 2980 satis
966 2907 1216 2982 accumulatus
1238 2902 1414 2982 candefa-

491 3013 561 3096 cit,
595 3007 772 3104 calcinat,
806 3007 993 3105 accendit,
1030 3010 1069 3086 dr
1092 3015 1156 3109 qui
1176 3005 1259 3085 sunt
1279 3011 1415 3109 reliqui

489 3110 587 3212 ignis
601 3109 763 3186 effeetus.
795 3107 1061 3189 Subtililfimam
1075 3113 1206 3188 caloris
1219 3120 1417 3188 materiam

490 3239 574 3292 non
603 3218 787 3316 aequaliter
807 3215 899 3293 &in
919 3221 1060 3292 ratione
1074 3220 1318 3308 ,voluminum
1342 3216 1418 3293 dis·

491 3318 623 3418 tribui,
653 3317 976 3398 utBournnvrus
993 3317 1125 3417 statuit,
1148 3315 1208 3393 sed
1222 3318 1417 3420 quodlibet

493 3447 630 3524 corpus
650 3424 824 3524 peculiari
852 3419 1068 3500 attradiione
1098 3429 1149 3499 vi
1163 3418 1234 3497 suae
1267 3439 1415 3510 naturae

491 3526 574 3630 plus
592 3533 715 3621 minue
735 3533 895 3625 arripere
914 3523 1125 3605 ostenditur.
1147 3526 1183 3601 Si
1196 3526 1298 3602 calor
1311 3529 1419 3602 ther·

490 3637 679 3706 mometro
692 3622 864 3705 sensibilis
879 3635 919 3704 in
941 3629 1050 3727 loco,
1074 3629 1138 3706 ubi
1165 3630 1268 3732 plura
1286 3623 1417 3708 divet-

490 3731 528 3808 ia
549 3731 677 3810 adsunt
695 3753 856 3832 corpora
877 3732 1040 3834 ejusdem
1062 3732 1258 3834 ponderis,
1297 3759 1417 3835 auge-

492 3851 554 3912 tur
575 3837 636 3914 vel
657 3835 893 3931 diminuitur,
929 3835 991 3912 hic
1004 3845 1115 3913 inter
1141 3837 1201 3912 illa
1228 3833 1419 3916 distribui-

491 3947 607 4029 turin
626 3949 772 4018 ratione
791 3941 945 4027 virium,
971 3935 1224 4040 similiterque,
1247 3947 1288 4017 in
1306 3939 1418 4017 relli-

480 4042 631 4120 'tuendo
646 4069 714 4146 per
731 4043 1010 4120 decrementum
1034 4037 1260 4145 aequilibrio,
1285 4040 1417 4146 fingu-

483 4146 542 4241 la,
567 4153 606 4222 in
620 4154 766 4223 ratione
780 4153 916 4223 virium
926 4146 1038 4236 semet
1051 4165 1266 4228 exonerant.
1309 4147 1414 4226 Cor·

1323 4356 1405 4436 ioli.
