3342 5317
351 672 423 767 Dr
429 671 562 766 Ferro
572 669 624 770 ὅ
632 667 782 760 Statano
799 645 1130 787 lgne'cornrndrli's.
1141 695 1230 782 ·475

321 893 338 938 .·
375 873 534 952 Atxntr
552 867 818 976 plogisticatum
834 871 1030 949 ceruleum
1050 867 1230 950 sedimen·

300 993 381 1056 tum
400 979 556 1081 praebet,
582 975 683 1077 quod
706 981 815 1052 etiam
839 975 936 1056 valet
949 975 994 1055 de
1012 971 1145 1052 stanno
1165 1003 1237 1054 ana

299 1087 629 1186 glicanooptimo„
1304 1089 1309 1100 '

379 1236 608 1332 Curaruu,
633 1259 709 1337 quo
732 1239 850 1335 magis
870 1228 1028 1310 abundat
1046 1217 1236 1332 staunuttt,¹

282 1366 351 1423 'eo
378 1348 491 1420 etiam
517 1347 641 1418 minus
672 1355 892 1440 comparent
918 1331 1018 1414 ferro
1046 1332 1228 1438 adquifitae

299 1441 512 1542 facultates,
534 1441 682 1520 miscela
701 1460 849 1540 tamen,
874 1464 956 1542 qute
980 1437 1069 1518 ferri
1087 1457 1231 1522 tantum

307 1562 412 1666 ..ff-³¹!-
431 1597 559 1700 lover,
599 1613 808 1705 magnetem
833 1600 968 1702 appetit
996 1588 1245 1676 &calcinate

320 1699 389 1752 100

301 1768 484 1873 nigrescit.

335 1916 340 1926 ¹
382 1908 432 2003 C)
455 1901 794 1984 Faniurr‘dimidio
809 1900 929 1980 stanni
941 1900 1108 1984 satiatum
1118 1950 1136 2004 ,ι
1155 1904 1231 1984 fer·

301 2017 334 2089 ri
356 2018 395 2087 in
415 2017 545 2112 primis
565 2015 809 2114 proprietates
830 2005 1029 2106 monstrat,
1060 2029 1141 2088 non
1168 2035 1232 2112 pa·

303 2141 388 2193 rum
403 2132 527 2193 tamen
540 2131 759 2216 temperatas
776 2137 850 2212 ope
870 2111 1112 2212 ingredientis
1134 2109 1231 2192 stan·

301 2215 362 2316 nl,
389 2219 483 2297 adeo
502 2235 545 2295 ut
564 2219 697 2294 malleo
722 2218 924 2318 pauxillum
946 2216 1070 2304 cedat,
1104 2215 1256 2300 laelio»

303 2347 391 2400 nem
416 2343 541 2401 tamen
570 2321 606 2400 δι
630 2323 971 2424 amalgamationem
991 2326 1057 2400 vix
1079 2327 1237 2425 permit-⁴

302 2443 365 2504 tat.
426 2427 537 2529 AEgre
562 2423 750 2523 funditur,
788 2423 932 2501 facilius
959 2440 1083 2502 tamen
1105 2424 1233 2506 addito

301 2527 373 2606 sale
396 2525 699 2606 microcosmicoz
739 2537 780 2605 in
810 2544 970 2626 utroque
997 2526 1088 2606 casu·
1109 2529 1234 2612 nullus
1269 2552 1273 2558 '

304 2629 432 2713 fumus
443 2631 567 2730 albus,
592 2631 654 2710 sed
669 2630 874 2710 numerosae
897 2629 1057 2710 scintillae
1074 2622 1233 2732 stellatae,

305 2741 434 2838 quales
448 2736 585 2814 eferro
599 2731 675 2812 srne‘
698 2734 828 2815 stanno
852 2759 1055 2836 numquam
1077 2734 1256 2832 obtinui.¹

303 2840 433 2918 Audio
458 2839 561 2918 ferro
590 2841 831 2919 debilitantur
853 2837 1235 2944 necessariolqualita·
1362 2885 1365 2890 ·

305 2961 361 3024 tes
376 2942 542 3022 estanno
565 2946 795 3046 pendentes,
819 2969 899 3044 quae
917 2961 1064 3044 tamen,
1090 2946 1179 3024 dum
1193 2953 1235 3028 in
1317 3011 1320 3025 .

305 3055 523 3134 centenario
546 3073 626 3124 non
648 3045 715 3125 nisr
741 3075 772 3125 rr
795 3049 897 3126 librae
917 3047 1065 3140 adsunt,
1110 3058 1235 3128 etiam·

303 3177 396 3229 num
409 3145 591 3226 sensibiles
601 3147 687 3226 'sunt
700 3150 867 3233 scintillis
881 3148 1049 3250 stellatis,
1065 3155 1234 3254 pulcher·
1260 3233 1264 3241 ,

304 3260 430 3354 rimis,
455 3253 627 3332 evibratis
649 3248 881 3330 sub-lusione
905 3261 945 3330 in
962 3252 1031 3330 sale
1047 3263 1234 3334 microco·

305 3356 432 3437 smico.
457 3392 461 3403 ¹
483 3360 604 3434 Immo
614 3357 772 3454 miscela,
799 3369 877 3450 ξδ’,
892 3353 1009 3438 llanni
1022 3365 1236 3460 continens,

303 3468 344 3543 in
367 3459 552 3544 solutione
575 3467 657 3542 auri
677 3461 790 3541 diluta
808 3461 1053 3542 sedimeutum
1079 3459 1236 3570 tuscum,

306 3591 410 3670 aeque
424 3589 467 3642 ac
481 3565 654 3657 ditiores,
684 3572 901 3670 praecipitat.

382 3721 558 3796 Aornun
576 3719 715 3798 vitrioli
728 3717 905 3817 dilutum,
931 3723 1042 3802 etiam
1062 3717 1238 3822 frigidum

306 3823 543 3923 adgreditur,
567 3820 629 3900 sed
644 3823 743 3902 lente
764 3821 876 3900 solvit
889 3819 1112 3902 stneauxilio
1130 3833 1240 3926 ignis.

304 3932 458 4030 Semper
496 3925 692 4028 quidquam
728 3944 895 4006 remanet
923 3923 1158 4032 spongiosum
1184 3938 1242 4012 ni,

309 4054 433 4138 grum,
448 4029 758 4134 plumbagineum.
811 4032 957 4110 Solutio
976 4030 1130 4111 saturata
1146 4059 1241 4138 aqua

308 4134 498 4239 turbatur,
510 4133 627 4218 llarurl
641 4133 833 4248 deponens
847 4131 1090 4222 [adimantum
1103 4139 1240 4219 album.

1077 4291 1240 4378 utno-
