3342 5317
1180 534 1183 555 ι
1379 516 1392 569 t

410 626 417 641 „
497 657 580 768 148'¹
599 613 668 746 Dr
681 650 860 763 Diuersa
879 635 1078 791 Plrlcgr‘fli
1104 655 1336 762 Quantitaie

499 866 608 956 trati,
632 864 674 933 in
698 878 769 957 qua
791 856 872 932 calx
898 864 1002 959 cupri
1027 852 1267 961 decoquitur,
1289 862 1413 964 pulve-
1485 850 1486 885 ³

495 988 577 1041 rem
602 957 762 1039 albidum
785 955 954 1063 deponat.
980 962 1149 1040 Similiter
1172 960 1286 1042 flores
1307 972 1413 1063 zinci,

497 1065 645 1145 decodti
662 1070 703 1138 in
724 1059 908 1139 solutione
929 1070 1033 1166 cupri
1057 1072 1203 1163 nimii,
1241 1072 1372 1146 colore
1394 1096 1414 1147 c

495 1170 605 1246 viridi
618 1163 875 1244 caerulcscente
885 1162 1109 1249 inficiuntur.
1155 1170 1248 1248 Haec
1262 1174 1413 1251 calcium

283 1297 286 1314 ·
348 1358 354 1375 ⁸
466 1294 469 1297 ’
493 1272 649 1350 secretio
660 1293 731 1373 pro
746 1293 785 1344 re
799 1288 884 1345 nata
899 1270 1049 1348 uberior
1069 1287 1130 1348 aut
1149 1282 1294 1375 parcior
1306 1271 1415 1377 perri

493 1384 610 1470 citur,
641 1374 678 1451 δι
701 1372 790 1448 hinc
812 1369 911 1450 forte
935 1377 1119 1479 inaequalis
1146 1402 1295 1483 quoque
1316 1384 1414 1458 zinci

490 1484 616 1585 portio
640 1470 877 1555 consumitur.

568 1655 626 1757 Η)
651 1655 850 1744 Vrrrrorr
874 1621 999 1735 amici
1015 1660 1245 1739 centenarius
1262 1660 1352 1739 zinci
1372 1674 1412 1751 38

490 1756 592 1843 libris
607 1765 717 1836 mittit
732 1768 774 1835 26
790 1765 904 1861 cupri.

485 1966 491 1977 ·
561 1938 802 2037 DFErrurr
822 1930 979 2013 solutum
1005 1937 1112 2031 acido
1138 1941 1226 2016 nit'ri
1243 1962 1324 2017 nou
1345 1932 1413 2019 nisr

453 2074 461 2083 ·
486 2042 678 2148 pulverem
694 2041 911 2133 calcinatunr
936 2065 1020 2117 cum
1036 2046 1133 2119 zinco
1151 2042 1314 2139 exhibet,
1332 2050 1411 2145 .qui

486 2152 596 2223 etiam
618 2142 750 2246 sponte
769 2140 989 2241 secernitur,
1022 2142 1116 2221 adeo
1148 2162 1190 2223 ut
1225 2146 1310 2225 heic
1345 2156 1411 2227 vix

484 2246 650 2353 quaedaru
664 2240 902 2350 praecipitatio
919 2270 1007 2325 vera
1019 2248 1147 2325 locum
1164 2248 1307 2327 habeat.

559 2456 616 2559 K)
639 2455 839 2529 V1rr1or1
854 2450 1228 2551 viridiscentenarius,
1241 2476 1334 2555 aqua
1344 2456 1410 2535 de·
1429 2508 1431 2515 =

419 2560 424 2565 ’
483 2556 611 2639 stillata
622 2556 759 2636 solutus
771 2562 812 2631 in
833 2554 960 2653 lagena
978 2556 1083 2657 plena
1104 2558 1141 2633 dc
1161 2555 1297 2659 clausa,
1335 2582 1408 2639 nec

415 2746 419 2757 ,
482 2687 565 2743 non
583 2658 659 2737 srne
688 2662 830 2738 calore,
865 2675 905 2733 ut
934 2666 1144 2762 praecipitati
1168 2660 1409 2765 dephlogisti.

479 2774 579 2845 catio
592 2769 804 2859 evitaretur,
828 2759 915 2837 odio
931 2776 1052 2837 tamen
1065 2760 1193 2841 dicbus
1208 2788 1293 2841 curn
1307 2772 1408 2845 zirzco

475 2870 573 2951 nihil
586 2861 865 2966 demisrtpraeter
903 2863 1074 2940 auxillum
1083 2863 1408 2947 sedimentiochra·
1484 2884 1485 2937 1

477 2978 552 3069 cci,
575 2996 646 3049 nec
671 2975 771 3045 zinci
791 2890 938 3071 pondus
963 2966 1039 3044 hoc
1063 2982 1232 3075 tempore
1252 2970 1323 3050 fuit
1350 2973 1407 3052 di·
1484 2954 1485 3019 Ν

475 3080 675 3157 minutum.

548 3258 601 3361 L)
625 3270 781 3340 scium
797 3264 1049 3356 centenarius,
1073 3282 1164 3363 aqua
1186 3265 1283 3361 regis
1302 3260 1407 3341 solu·

475 3384 556 3455 tus,
581 3370 669 3447 zinci
681 3363 839 3451 libris'68
854 3362 1081 3463 deturbatur,
1097 3388 1179 3441 nou
1197 3382 1320 3442 tamen
1333 3365 1406 3445 sub

473 3472 593 3550 forma
606 3466 949 3566 metallicompieti,
980 3463 1041 3541 red
1060 3464 1170 3545 instar
1186 3469 1295 3547 calcis
1317 3495 1406 3550 me·
1484 3428 1485 3514 d

472 3577 598 3655 tallicae
610 3571 717 3669 albae,
742 3593 822 3671 quae
833 3567 1001 3671 pondere
1021 3565 1131 3647 efficit
1143 3598 1204 3669 ¹49
1225 3570 1348 3651 libras.
1398 3582 1405 3591 '

545 3758 605 3848 M)
629 3733 812 3828 Vrsuu'rr
828 3756 1061 3829 centenarius
1074 3754 1162 3829 zinci
1173 3748 1272 3829 libris
1283 3778 1331 3850 49
1347 3780 1405 3835 ex

334 3928 342 3939 ,
467 3852 575 3933 acido
588 3862 675 3932 nitri
690 3853 865 3951 dejicitur.
896 3854 939 3929 ln
952 3854 1074 3929 calore
1087 3852 1213 3931 medio
1233 3852 1299 3932 sub
1316 3856 1402 3937 for·

467 3982 528 4034 rna
541 3960 694 4057 metalli,
717 3954 778 4033 sed
791 3960 924 4055 majori
936 3952 1020 4041 aestu
1035 3952 1192 4041 nonnis}
1219 3960 1303 4038 calx
1321 3960 1402 4041 ob-

465 4065 605 4139 tinetur
626 4086 677 4154 133
705 4059 890 4154 librarum.
1291 4058 1296 4070 “

1195 4264 1268 4364 Ν)
1283 4264 1396 4367 Nm!
