3342 5317
478 703 547 818 3'18
619 659 690 784 Dr
708 647 1034 784 Attrattion'tus
1056 681 1265 777 Eleii'r'vr's.

478 893 678 997 suscipiar.
740 887 861 971 Multa
880 889 982 970 ralia
1010 889 1257 996 phoe'nomena
1288 883 1409 968 sciens
1498 823 1499 906 ᾖ

478 1006 665 1130 preterire
680 972 816 1128 (rigor.
1358 1021 1362 1033 ’

767 1236 775 1254 ·
879 1207 912 1306 a.
945 1203 1010 1282 nt.

480 1346 713 1474 Anomaliae
736 1409 793 1470 ex
807 1383 1075 1472 determinata
1100 1381 1330 1472 alterutrius
1347 1389 1411 1472 in·

697 1501 913 1618 gredientia
929 1501 1185 1590 abundantia.

479 1847 548 1904 eos
562 1822 794 1901 contendere
810 1849 942 1902 vanam
964 1821 1036 1902 effe
1057 1829 1159 1902 iilam
1184 1822 1412 1921 dottrtnam,
1500 1853 1501 1860 Ν

479 1952 561 2030 quc
591 1926 682 2006 sales
708 1927 894 2006 neutraler
922 1929 984 2006 uel
1015 1928 1160 2008 medios
1186 1925 1411 2006 determina-

479 2049 555 2112 tam
579 2031 675 2110 acidi
699 2029 959 2116 abundantiam
981 2037 1148 2136 reprere
1167 2027 1267 2136 poiie
1293 2027 1410 2108 adfir·
1501 2082 1502 2158 t

476 2152 566 2217 mat.
635 2133 751 2237 Quod
772 2157 867 2211 vero
890 2135 970 2214 talis
987 2133 1175 2213 interdum
1194 2136 1322 2214 iocum
1341 2135 1410 2213 ha·

477 2239 584 2338 beat,
609 2234 890 2317 luculenttffine
915 2239 1020 2342 plura
1043 2235 1253 2317 monstrant
1277 2263 1410 2318 exem·
1501 2259 1502 2334 f

476 2349 538 2448 pla
555 2350 631 2444 jam
649 2340 909 2442 memoranda,
943 2342 1024 2422 haec
1047 2359 1191 2442 tamen,
1221 2347 1276 2420 rei
1295 2361 1410 2421 natu·
1501 2373 1502 2416 t

477 2471 529 2527 rae
567 2452 858 2532 convenienter,
906 2446 1021 2548 longe
1071 2446 1232 2526 adhaeret
1272 2447 1407 2545 laxius,

477 2576 587 2655 quam
602 2549 704 2652 quod
715 2547 927 2630 saturationi
946 2549 999 2628 est
1021 2546 1271 2629 neceffarium.
1323 2551 1419 2628 Sol-¹

476 2670 598 2734 vatur·
614 2654 659 2730 ad
679 2651 902 2730 saturitatem
926 2679 1018 2758 aqua
1043 2652 1216 2734 destituta
1246 2671 1409 2733 tartarus

476 2754 698 2836 tartarisatus
712 2755 875 2860 periedte
888 2758 1080 2846 netrralis,
1101 2757 1295 2836 instilletur
1315 2758 1408 2836 dein
1502 2791 1503 2826 t

475 2860 624 2940 acidum
649 2867 775 2938 tartari
805 2867 1008 2961 genuinum
1045 2865 1091 2960 (§.
1127 2861 1283 2961 XXIII),
1323 2868 1405 2940 cito

475 2969 626 3043 materia
666 2962 873 3065 spongiosa'
890 2963 970 3041 alba
1008 2961 1211 3042 secernitur
1240 2964 1406 3042 fundum

474 3089 626 3173 petens,
664 3091 746 3168 quae
777 3066 931 3144 cottettr
967 3068 1004 3146 dt
1035 3075 1240 3146 examinata
1266 3093 1406 3147 verum

473 3173 611 3277 prabet
632 3186 819 3248 tartarum.
884 3171 980 3270 Quae
1004 3171 1106 3250 causa
1127 3171 1226 3249 hanc
1244 3165 1406 3272 smguia-

473 3303 553 3354 rem
575 3292 762 3379 provocat
780 3271 1048 3354 mutationem?
1102 3276 1190 3354 Hoc
1209 3276 1308 3354 haud
1330 3274 1405 3353 dii-

498 1753 504 1762 ·
551 1721 622 1798 Ma
645 1717 793 1820 quidem
823 1745 903 1800 non
931 1717 1028 1821 fugit
1056 1717 1237 1821 quosdam
1264 1717 1412 1800 chemi-

360 3373 364 3381 ’
471 3377 571 3458 ficiie
589 3385 748 3475 eruitur,
780 3372 809 3455 fi
828 3395 998 3456 naturam
1019 3385 1255 3456 materierum
1280 3377 1406 3458 const-

472 3485 653 3564 deramus.
704 3479 765 3558 Est
806 3507 942 3584 nempe
973 3501 1129 3560 tartarus
1167 3484 1260 3560 nihil
1290 3484 1403 3584 aliud,

472 3615 584 3692 quam
605 3587 712 3665 alkaii
730 3586 950 3686 vegetabile,
991 3593 1123 3688 majori
1145 3584 1278 3664 foetum
1305 3588 1403 3666 acidi

471 3697 613 3796 proprii
650 3697 869 3790 quantitate,
912 3714 1021 3791 quam
1056 3691 1101 3767 ad
1140 3687 1403 3770 samrationem

471 3792 678 3874 necefl'aria.
727 3794 806 3893 Qri
827 3799 953 3870 tartari
976 3790 1162 3896 saporem,
1195 3819 1282 3872 cum
1302 3796 1402 3874 alka-

470 3901 557 3977 iinis
572 3894 902 3994 effervescentiam,
925 3893 1120 3976 succorum
1138 3899 1402 4002 vegetabilium

469 4002 715 4080 caeruleorum
728 3998 1009 4097 nascentiam,
1035 4018 1180 4099 cetera,
1205 4010 1328 4087 novit,
1353 4003 1402 4080 de

468 4104 692 4184 abundantia
706 4106 801 4181 acidi
818 4129 898 4182 non
919 4103 1039 4206 potest
1067 4105 1256 4204 dubitare,
1280 4113 1399 4184 immo

469 4210 516 4290 ad
537 4204 663 4290 nostra
680 4231 799 4311 usque
817 4226 1007 4314 tempora,
1034 4226 1192 4290 tartarm
1208 4227 1311 4290 totus
1324 4221 1401 4392 ἆὲιι
