3342 5317
560 710 647 853 396
692 721 761 820 De
789 709 1110 816 Adtradddonlbus
1138 671 1350 816 Elell‘a'uls.

561 931 675 1030 linet,
699 925 866 1029 ejusdem
892 921 1123 1030 superficies,
1156 932 1267 1002 etiam
1300 925 1447 1006 lenillmt

559 1042 658 1140 ignis
682 1032 819 1132 gradu,
844 1032 997 1132 pulvere
1022 1031 1105 1110 albo
1127 1035 1281 1128 tegitur,
1317 1040 1385 1132 qui
1402 1039 1446 1108 cio

560 1137 717 1221 crustam
730 1129 859 1212 efficit:
889 1135 959 1211 hac
979 1131 1092 1212 stadia
1110 1133 1147 1210 dt
1165 1129 1372 1228 subsidente
1393 1160 1447 1212 nox

410 1252 417 1276 '
467 1246 470 1254 ’
560 1243 628 1324 alia
655 1255 871 1338 generatur,
898 1239 998 1316 &ita
1010 1261 1156 1416 qiuari),
1189 1240 1370 1340 quamdiu
1392 1237 1447 1313 acidi

559 1346 690 1425 fluoris
701 1342 907 1444 quidquam
927 1359 1008 1418 tran
1024 1358 1059 1416 it.
1109 1341 1201 1420 Haec
1229 1350 1390 1422 materia
1405 1341 1447 1418 ccl·

559 1451 654 1529 tetta
674 1449 712 1526 ta
732 1447 806 1525 lota
824 1471 957 1524 omnes
973 1441 1128 1624 [Blfidet
1149 1454 1398 1548 pioprietates
1410 1440 1448 1520 ii·

561 1579 636 1631 ceoe
668 1571 791 1649 terrae,
832 1552 870 1628 δι
902 1565 986 1650 port
1027 1549 1172 1627 nculam
1202 1577 1222 1628 a
1257 1577 1322 1626 me
1356 1546 1448 1626 conde

560 1657 656 1752 diam
677 1657 844 1732 Domino
863 1651 1077 1760 Mthuutt‘
1096 1649 1194 1747 mist,
1227 1661 1292 1754 qui
1316 1655 1465 1730 camden¹

558 1768 600 1840 in
613 1759 702 1840 luco
715 1755 851 1859 speculi
869 1755 1016 1834 caustici
1038 1755 1125 1832 ddici
1149 1781 1301 1858 quoque
1321 1755 1448 1858 perdedit

560 1887 835 1964 congruereme
849 1867 1047 1938 certiorem
1061 1858 1156 1940 fecit.
1191 1859 1387 1956 Quaeritur
1400 1869 1449 1960 jan,

558 1967 659 2048 unde
674 1969 737 2043 hic
752 1959 895 2067 pulvis?
940 1963 1040 2039 Num
1061 1963 1173 2040 fluori
1192 1968 1363 2042 minerali
1390 1959 1448 2052 indi

558 2063 741 2153 mediante
755 2069 878 2146 calore
895 2069 931 2144 tiz
947 2067 1053 2144 acido
1069 2066 1329 2148 volatilisatus?
1344 2070 1448 2146 Utrun

486 2247 492 2256 ,
558 2184 696 2257 evitro
731 2163 931 2250 extractus?
988 2169 1055 2250 An
1085 2197 1178 2250 vero
1210 2198 1258 2248 ex
1288 2170 1367 2252 suis
1398 2176 1448 2251 heic

557 2272 781 2402 qompositus
811 2269 1023 2379 ptincipiis?
1464 2281 1465 2310 ¹

570 2514 575 2524 ‘
630 2483 722 2562 Nou
748 2481 920 2660 equidem
935 2507 1060 2583 neg0,
1085 2480 1245 2560 fluorem
1264 2482 1450 2558 mineralen

557 2589 742 2667 interdum
783 2589 903 2663 diceas
937 2591 1131 2662 continere
1147 2588 1376 2686 -particulas,
1413 2585 1451 2659 'ia

556 2709 682 2772 tamen
695 2689 934 2769 accidentales
949 2689 1049 2785 sunt,
1071 2715 1157 2765 nam
1172 2689 1451 2791 Garpenbergen·

554 2791 622 2894 sis,
645 2819 722 2896 quo
748 2797 963 2896 plerumque
989 2792 1072 2870 usus
1096 2791 1175 2870 sum
1197 2802 1236 2869 in
1258 2795 1330 2868 hac
1349 2813 1451 2892 open·

555 2907 684 2998 tione,
708 2899 896 2974 interdum
920 2923 969 2972 ne
995 2898 1129 2973 micula
1160 2897 1311 2998 quidem
1336 2895 1451 2997 gaudet

555 3005 787 3100 Aquatregis
809 2997 1008 3078 sufficiente
1031 3003 1110 3078 talis
1128 2997 1352 3078 subtiliffime
1375 3023 1451 3076 con·

554 3114 721 3184 minutus
739 3123 839 3181 totns
862 3124 1020 3205 quantus
1042 3102 1195 3182 solvitur
1214 3103 1278 3180 sub
1310 3101 1451 3204 digedlin

494 3223 497 3228 ’
555 3237 606 3288 ne
627 3209 787 3297 diutina,
813 3209 912 3310 quod
935 3233 1135 3310 numquam
1160 3207 1321 3308 praestari
1345 3203 1451 3310 potell

554 3306 711 3390 didicis
728 3311 923 3414 qdidquam
948 3310 1051 3388 inest.
1116 3313 1217 3388 Hinc
1240 3319 1355 3411 igitur
1376 3313 1451 3384 lucu

554 3419 676 3493 lenter
700 3433 818 3517 patet,
851 3411 989 3491 silicem
1027 3416 1299 3492 accidentaliter
1328 3435 1450 3514 compo

640 3541 727 3596 nem
751 3519 918 3619 ingredi,
944 3519 982 3596 dt
1012 3521 1204 3622 pulverem
1233 3527 1274 3596 ln
1307 3517 1450 3616 excipulc

554 3517 751 3704 dddedlum
773 3623 824 3698 illi
854 3629 1064 3722 neutiquam
1089 3619 1160 3701 elle
1187 3619 1452 3708 adscribendum,

555 3729 645 3805 dum
671 3729 750 3805 talis
771 3734 813 3803 in
835 3749 1018 3830 compage
1036 3723 1268 3804 desideratur.
1319 3723 1453 3804 sedatu

552 3827 679 3910 forsan
699 3829 897 3930 specimina
917 3857 938 3907 e
959 3829 1225 3935 Garpenberga
1247 3825 1368 3908 siliceo
1391 3828 1452 3928 plus

279 4034 285 4045 .
429 3972 432 3976 ’
553 3940 680 4011 minus
704 3933 787 4012 sunt
803 3943 1001 4035 inquinata.
1066 3937 1212 4012 Vitrum
1240 3933 1383 4036 quidem
1401 3904 1452 4004 sl·

553 4035 724 4121 cescatet
743 4037 780 4114 lla
802 4037 867 4112 dub
890 4047 1107 4140 operatione
1134 4065 1283 4142 quoque
1307 4031 1451 4132 corrodi·

553 4159 636 4238 tur,
659 4141 721 4217 sed
745 4148 922 4245 quoniam
942 4147 987 4218 'in
1012 4137 1154 4220 vasibus
1185 4138 1369 4221 metallicis
1389 4135 1449 4240 pul·

553 4265 686 4330 vetem
697 4263 944 4328 memoratum
960 4247 1088 4325 itidem
1096 4246 1253 4353 prodire·
1260 4244 1449 4428 vidistcgqqq
