3342 5317
432 723 464 819 6
528 714 530 722 Α
674 716 750 815 Dc
778 717 1099 842 rbtalyfizscrsi.

435 922 647 1024 termetasla
661 918 856 1033 arsenicum,
882 922 1066 1002 interdum
1085 925 1213 1002 rincum
1225 918 1357 1010 &sou

436 1047 472 1109 te
485 1026 628 1131 semper
638 1029 840 1131 magnestunr.
892 1028 992 1103 Num
1005 1032 1117 1127 igitur
1133 1029 1264 1111 harum
1278 1049 1358 1103 ma-

435 1138 611 1212 tenerum
637 1156 710 1208 une
763 1132 910 1210 luresve
938 1156 1068 1208 reuera
1096 1125 1207 1207 insunt
1234 1135 1357 1235 primo

420 1232 578 1315 idoneis
596 1156 818 1316 emensum
860 1230 913 1310 est
949 1240 1233 1337 experimentis,
1261 1231 1357 1313 dein

434 1352 550 1465 uero,
577 1334 664 1445 quid
679 1333 825 1417 efficere
847 1350 981 1441 queant
995 1336 1279 1440 disquirendum.
1317 1370 1326 1385 ·

437 1540 463 1583 ²·
509 1545 650 1646 Quor)
678 1542 724 1621 ad
748 1524 914 1621 intinram
933 1542 1023 1621 serti
1048 1537 1356 1645 compofiuonem

433 1651 581 1746 minet,
605 1648 685 1727 haec
696 1646 867 1726 nondum
881 1646 934 1725 est
954 1646 1096 1725 nudata.
1153 1649 1210 1723 Ut
1231 1664 1357 1725 autem

433 1757 544 1830 novis
559 1750 818 1849 tentaminibus
831 1759 890 1829 via
909 1758 1115 1855 aperiatur,
1127 1748 1248 1828 sanam
1262 1774 1357 1831 con·
1386 1807 1390 1816 .

413 1850 587 1935 susumus
600 1854 812 1955 analogiam.
845 1854 1067 1935 Arsenicum
1080 1860 1358 1933 norimuscon·

432 1956 524 2037 stare
549 1960 726 2062 pepusia'ri
751 1956 879 2059 acido,
904 1958 1004 2059 quod
1044 1974 1145 2035 certa
1183 1955 1357 2059 phlogisti

431 2056 509 2139 dost
547 2060 752 2142 concrescit
784 2069 825 2137 in
868 2062 1069 2139 arsenicum
1100 2060 1241 2158 album,
1278 2062 1355 2138 hoc

430 2182 552 2245 autem
573 2166 794 2267 coagulum,
818 2164 1066 2243 determinate
1085 2163 1356 2243 inflammabitis

381 2290 383 2296 ·
430 2274 596 2390 poitioni
628 2274 794 2366 unitum,
827 2272 868 2345 in
893 2271 1130 2371 completum·
1152 2269 1226 2345 abit
1252 2266 1354 2344 serni·

429 2372 629 2449 metallum.
692 2372 784 2448 Haec
803 2374 1009 2475 'compages
1035 2372 1180 2451 idoneis
1208 2377 1355 2477 experig·

430 2482 587 2572 mentis,
625 2488 701 2554 tran
732 2476 945 2575 analyticis,
978 2500 1091 2577 ¹quant
1122 2474 1354 2578 syntheticis,
1418 2572 1422 2577 .

350 2626 354 2639 ·
429 2597 533 2656 nunc
546 2593 653 2657 extra
667 2578 902 2658 dubitationis
915 2582 1029 2657 aiearn
1049 2578 1102 2657 est
1116 2574 1240 2681 posita.
1263 2579 1354 2656 Non

430 2680 602 2783 equidem
614 2684 704 2759 hino
718 2700 824 2761 certo
844 2683 1069 2762 concludere
1080 2685 1186 2779 licet,
1216 2677 1355 2782 finguta

428 2785 573 2863 metalla
595 2784 706 2865 acidis
725 2782 940 2865 radicalibus
964 2790 1003 2866 δι
1029 2784 1216 2889 phlogisto
1240 2791 1354 2862 unice
1385 2847 1393 2861 .

431 2884 502 2993 eise
521 2904 718 2987 contexta,
754 2892 815 2969 v'et
836 2898 1058 2988 accuratius,
1084 2914 1215 2971 eorum
1235 2890 1355 2968 casces

430 2986 501 3069 esse
542 2992 645 3070 acida
685 2994 899 3094 peculiaria,
934 2992 1134 3096 phtogisto„
1156 2994 1356 3094 coagulata

396 3109 399 3115 '
428 3094 519 3201 Haec
536 3090 620 3173 sane
642 3097 882 3175 ratiocinandi
907 3096 1104 3176 methodus
1126 3096 1263 3173 lubrica
1285 3092 1352 3193 est,

428 3202 588 3275 maxima
618 3197 704 3295 ideo
732 3224 817 3277 curn
849 3198 1177 3303 circumspesiione
1206 3202 1244 3280 δι
1271 3222 1353 3275 non

427 3296 496 3377 bist
517 3298 630 3378 instar
651 3298 707 3379 fili
737 3304 921 3382 Ariadnes
949 3311 991 3381 in
1022 3302 1185 3383 obscuris
1214 3319 1353 3382 naturae

428 3404 610 3483 meatibus
630 3404 851 3496 adhibenda,
889 3408 1013 3508 donec
1035 3402 1221 3510 exquisitis
1241 3430 1353 3508 expe·
1462 3434 1466 3439 ·

426 3514 595 3587 timentis
619 3510 928 3611 comprobentur,
943 3508 1005 3590 vel
1030 3511 1221 3590 diruantur
1256 3533 1353 3587 con-

426 3610 585 3713 jesiurae.
626 3611 844 3717 inpraesenti
856 3633 979 3693 omen
995 3613 1078 3695 casu
1090 3608 1240 3716 insignis
1253 3609 1354 3693 adest

425 3714 672 3817 probabilitas.
720 3715 863 3802 Omnia
881 3718 1026 3820 metria
1046 3713 1353 3819 dephtogistican-

426 3818 476 3897 do
508 3825 552 3897 in
582 3821 754 3921 pulveres
777 3821 916 3905 abeunt
947 3840 1053 3901 terre
1077 3817 1228 3917 samso,
1264 3815 1353 3897 susr-
1395 3910 1400 3920 x

423 3919 534 4019 biles,
558 3923 675 4034 ualde¹
697 3924 930 4027 ponderosos
957 3927 1018 4008 &·
1079 3922 1213 4031 lpgisto
1243 3946 1354 4011 recu·¹

422 4041 554 4129 petato
574 4030 721 4124 iterum·
735 4029 915 4108 nietallica
932 4025 1059 4105 indoe
1081 4026 1264 4130 completa
1292 4033 1352 4103 in·

386 4134 391 4237 J
423 4126 629 4219 struendos.
679 4130 818 4235 Nonne
833 4139 946 4235 igitur
959 4137 1001 4211 in
1020 4156 1198 4236 compage
1219 4132 1352 4231 harum

287 4314 292 4326 ,
390 4258 392 4263 ·
425 4232 582 4313 ‘calcium
596 4232 863 4338 'a'iiqu'e'naerito
886 4232 1119 4346 exspesietur
1132 4229 1351 4417 fimffitrptbo?

888 4350 894 4360 '
984 4383 986 4387 ·
1308 4358 1353 4416 o.-
