3342 5317
511 717 609 807 450.
636 683 704 778 De
739 679 1064 824 Alirulrllom'bus
1098 679 1307 786 Elaffiuls.

512 889 670 967 Acrna‘
695 889 878 965 nonnulla
904 889 1168 992 vegetabilium
1199 889 1282 968 olea
1309 913 1434 994 empy.

510 999 713 1072 reumatica
736 989 943 1094 suscipiunt.
995 995 1148 1094 Spiritus
1166 1002 1292 1070 tartari
1315 1007 1434 1074 nomi-

456 1179 465 1188 ,
510 1104 771 1196 necognitum
785 1096 886 1174 haud
903 1103 1072 1196 exiguam
1089 1095 1258 1174 absorbet
1280 1099 1356 1174 olei
1372 1119 1435 1176 tar-

421 1226 424 1232 ’
510 1210 580 1279 rari
594 1206 840 1300 portionem,
880 1200 1042 1302 ideoque
1063 1195 1167 1277 finita
1190 1197 1431 1280 destillatione

511 1331 605 1382 mox
625 1299 821 1402 separanda
841 1301 945 1402 sunt,
984 1304 1069 1380 alias
1092 1305 1199 1382 acido
1222 1300 1436 1384 sensibiliter

511 1409 730 1486 diminuitur
751 1408 888 1488 oleum.
937 1407 1025 1484 Tali
1051 1416 1162 1486 etiam
1182 1413 1326 1511 virtute
1354 1436 1436 1514 gau·

512 1512 744 1590 detacetum.
1161 1515 1166 1520 '

907 1713 1041 1814 §.Lu

685 1851 689 1856 Δ
757 1866 963 1956 Columna
986 1894 1062 1984 44,
1092 1873 1211 1976 aurI„

588 2037 690 2137 Qua
717 2043 816 2112 inter
848 2035 993 2112 metalla
1027 2033 1226 2116 nobilia&
1260 2038 1436 2139 ignobilia

510 2140 715 2218 intercedat
741 2135 947 2216 differentia
975 2135 1115 2214 dudum
1139 2140 1277 2241 pluries
1313 2145 1436 2222 obser-

511 2253 692 2333 vavimus.
723 2241 865 2343 Regem
880 2241 1122 2339 eorumdem,
1138 2261 1180 2320 ut
1195 2268 1280 2322 cum
1299 2257 1435 2326 veteri·
1479 2251 1480 2254 ’

516 2350 586 2425 bus
608 2350 756 2446 loquar,
798 2343 935 2423 dircite
961 2343 1170 2444 adgreditur
1188 2347 1336 2426 acidum
1363 2352 1437 2430 saus

513 2449 851 2552 dephlogisticatum
878 2445 939 2550 (b.
963 2449 1107 2545 XVII),
1134 2473 1227 2546 aqua
1251 2461 1358 2552 regis
1386 2463 1436 2556 (i.

512 2553 655 2651 XVIII)
682 2557 718 2632 δι
741 2550 885 2636 acidum
907 2557 995 2628 nitri
1016 2555 1067 2652 (b.
1108 2553 1241 2653 XIV),
1278 2558 1351 2634 alia
1375 2585 1438 2635 ve·

512 2685 557 2736 ro
589 2655 691 2735 acida
720 2683 801 2735 non
831 2649 899 2730 nili
925 2681 973 2730 ex
1003 2661 1179 2756 quopiam
1210 2663 1324 2736 trium
1360 2689 1437 2739 me·

514 2779 742 2840 moratorum
779 2756 893 2835 'alkali
925 2764 1188 2860 precipitatum
1220 2758 1436 2864 suscipiunt,

512 2889 628 2964 quum
650 2862 723 2964 ipsa
745 2869 786 2939 vi
810 2879 959 2937 careant
979 2859 1219 2942 sufficientem
1239 2864 1435 2946 auferendi

511 2964 945 3075 phloglstiquantitatem.
971 2964 1086 3066 Qrod
1103 2969 1239 3046 calcem
1262 2977 1345 3046 auri
1373 2999 1436 3048 ve·

512 3096 554 3147 re
572 3068 729 3172 praebeat
749 3076 1008 3170 precipitatum
1023 3070 1129 3151 allati
1144 3067 1300 3171 fadum,
1327 3079 1436 3154 color

511 3180 666 3250 minime
682 3172 838 3262 niodum
862 3170 1057 3250 solubilitas
1072 3179 1112 3249 in
1126 3199 1219 3274 aqua
1236 3183 1337 3279 regis
1356 3169 1446 3256 abs?

487 3304 587 3379 xque
601 3277 717 3354 rubro
733 3275 862 3366 sum03
883 3275 1011 3370 color,
1036 3283 1207 3376 quivltro
1221 3290 1433 3358 commuui-
1478 3361 1479 3368 χ

512 3389 588 3460 cari
610 3378 750 3482 potest,
788 3399 929 3475 cetera,
956 3386 1153 3477 evincunt:
1183 3407 1264 3458 eam
1283 3381 1433 3462 solvunt

509 3484 615 3564 acida
631 3486 783 3580 uitrioli,
807 3479 971 3579 arsenici,
997 3481 1137 3570 fluoris,
1163 3494 1302 3573 tartari,
1316 3490 1429 3588 phos·

511 3589 642 3690 phori,
684 3583 758 3663 sebi
780 3585 817 3662 bt
836 3609 910 3686 prae
930 3585 1078 3684 reliquis
1099 3589 1245 3664 acidum
1268 3587 1351 3674 salis
1375 3600 1429 3670 iu·

511 3709 680 3794 regrum,
712 3714 788 3788 quo
807 3707 930 3768 autem
951 3691 1082 3766 ordine
1105 3691 1283 3770 hae‘lenus
1307 3699 1429 3796 explo

511 3794 800 3877 randum-rellat.
832 3790 995 3867 Acidum
1009 3790 1251 3872 formicarum
1264 3822 1349 3876 uon
1366 3796 1430 3878 sol-

511 3903 589 3995 vit,
626 3895 742 3974 saltim
764 3893 1047 3993 nontimebit,
1079 3896 1141 3974 sed
1167 3901 1248 3976 calx
1269 3908 1350 3980 cito
1377 3909 1429 3980 ni·
1477 3905 1478 3912 ’

510 4001 662 4101 ςπείοὶῐ,
687 4025 775 4090 ‚non
795 4018 920 4076 tamen
947 3999 1096 4078 reduda
1115 4007 1331 4092 invenitur,
1358 4013 1429 4082 aci·

510 4108 601 4180 dum
624 4109 723 4182 euim
746 4099 824 4179 salis
845 4101 951 4183 facile
971 4099 1082 4181 subit:
1120 4103 1222 4182 idem
1251 4105 1299 4184 de
1322 4125 1430 4186 aceto

510 4207 630 4298 valet,
672 4205 724 4284 all
755 4207 864 4294 color
892 4213 1012 4288 oritur
1044 4205 1198 4326 obscure
1219 4234 1429 4316 purpureus

1337 4317 1426 4396 loco
