3342 5317
399 677 469 776 Dr
493 648 816 770 Attraiiionibns
845 649 1052 767 Ebiiivis.
1109 675 1191 796 463

267 883 401 965 modis.
449 883 649 962 Vitrioium
671 880 806 958 cobaiti
827 878 973 981 spiritus
994 885 1075 958 vini
1088 879 1194 960 redii·
1216 928 1218 939 ι
1271 862 1274 874 ’

268 987 493 1068 ficatiffimus
506 984 663 1089 respuit,
689 1010 768 1061 non
790 1009 886 1062 vero
906 984 1093 1062 cobaitum
1114 983 1193 1062 sali.-
1233 1051 1234 1061 ,

267 1111 359 1173 turn.
416 1091 545 1192 Qrum
566 1096 680 1191 igitur
703 1087 811 1166 acido
833 1094 980 1167 marino
999 1091 1192 1170 vitriolum

267 1198 389 1278 hocce
405 1196 584 1291 solutum,
610 1191 736 1270 adfuso
760 1190 848 1270 dein
867 1190 990 1296 spiritu
1014 1195 1093 1275 uini
1109 1194 1192 1272 nul·
1296 1241 1298 1254 ·

268 1303 343 1380 iam
356 1299 535 1380 monstret
546 1302 895 1400 praecipitationem,
920 1298 1011 1378 hinc
1025 1298 1192 1378 luculen-

269 1423 328 1482 ter
341 1421 443 1510 patet
461 1403 654 1481 vitriolum
677 1399 841 1477 additum
864 1396 935 1478 effe
956 1399 1192 1482 destructum.

269 1509 448 1589 Praeterea
468 1507 655 1585 cobaltum
673 1502 834 1599 salitum,
875 1508 1119 1610 (neutiquam
1140 1503 1194 1585 vi·
1341 1539 1344 1548 ·

269 1617 505 1717 triolatum),
536 1625 777 1686 atramentum
800 1607 940 1708 proebet
958 1608 1195 1718 sympatheti.

270 1743 379 1817 cum,
401 1725 475 1816 jam
495 1738 589 1790 vero
605 1715 744 1791 vitrioli
764 1710 919 1806 solutio,
944 1715 1069 1796 addito
1085 1709 1193 1814 acido

270 1820 370 1910 salis,
397 1822 486 1920 (vel
499 1816 570 1894 iaie
594 1822 739 1894 marino
754 1816 843 1900 illud
857 1825 1097 1922 continente,
1125 1821 1195 1898 du.
1291 1877 1296 1890 .

271 1930 431 2032 plicique
469 1919 783 2025 decomponendo
825 1919 1056 2022 adfinitate),
1101 1950 1195 2002 mox

272 2058 353 2109 eam
377 2029 535 2130 adquirit
553 2031 838 2128 proprietatem,
863 2039 906 2100 ut
924 2027 969 2102 in'
986 2041 1074 2105 aere
1095 2027 1195 2106 sicco

270 2132 448 2238 scriptura
460 2128 525 2208 fiat
544 2126 694 2206 visibilis
712 2128 822 2205 viridi
843 2129 982 2206 colore.
1033 2132 1133 2212 Dico
1153 2139 1197 2210 in

274 2253 360 2316 ae're
383 2233 503 2326 sicco,
545 2238 683 2309 etenim
709 2232 790 2309 talis
810 2229 985 2334 scriptura
1007 2232 1198 2328 invisibilis
1337 2257 1341 2270 ·

273 2340 389 2448 posita
404 2340 513 2442 super
534 2339 675 2430 calcem
692 2341 818 2414 vivam
829 2353 1036 2438 recentem,
1060 2340 1121 2418 vel
1136 2337 1197 2418 su-

273 2474 340 2550 per
361 2446 505 2523 acidum
529 2441 671 2519 uitrioli
692 2439 801 2516 valde
821 2459 1128 2540 concentratum,
1154 2453 1197 2524 in

274 2551 413 2652 lagenis
439 2546 559 2652 probe
589 2537 741 2642 clausis,
782 2550 861 2622 cito
888 2550 929 2622 in
956 2544 1196 2650 conspeiium

273 2653 406 2759 prodit.
472 2651 574 2750 ignis
596 2655 709 2750 igitur
727 2648 787 2726 vel
808 2650 910 2726 calor
935 2642 1197 2732 tantummodo

274 2751 496 2835 ex'stccando
513 2768 647 2854 agunt,
685 2749 788 2851 quod
811 2752 1048 2852 explicationi
1072 2752 1198 2838 Hello'·

273 2871 378 2942 tiana
392 2866 575 2960 congruit.
624 2855 827 2936 Cobaltum
841 2858 957 2956 aikaii,
973 2860 1073 2962 quod
1086 2862 1197 2966 phio,-

273 2967 479 3073 gisticatum
499 2975 675 3053 vocatur,
708 2957 965 3065 deturbatum,
997 2989 1070 3048 nee
1089 2967 1199 3049 alkali

273 3067 553 3177 phlogisticatO,
576 3088 649 3140 nec
665 3062 780 3142 acidis
793 3061 966 3149 solvitur..

352 3270 501 3348 Acero
515 3267 700 3350 cobaltum
720 3272 961 3371 eripereno'n
984 3277 1085 3353 valet
1105 3273 1201 3356 arse·

275 3384 353 3456 nici
367 3375 535 3472 acidum,
562 3371 687 3452 saltem
709 3396 790 3449 non
802 3381 1012 3480 praecipitat,
1064 3375 1202 3462 cetera

272 3482 358 3560 loca
371 3480 523 3558 ulterius
537 3473 621 3555 sunt
644 3475 897 3556 examinanda.
996 3577 1000 3592 .
1182 3559 1189 3578 ἡ

631 3673 844 3777 anxur.
883 3791 889 3805 .

508 3825 712 3916 Columna
734 3829 814 3940 56,
837 3833 969 3935 ¹zinei.

346 3949 524 4074 Acmon
553 3991 716 4074 sacchari
745 4003 898 4074 rincum
928 3953 1102 4081 omnibus
1127 4005 1206 4090 aliia

275 4105 382 4203 eripit
404 4101 538 4196 acidis,
560 4095 757 4200 statimque
778 4100 899 4178 eidem
923 4105 1072 4180 unitum
1093 4105 1207 4199 instar

267 4203 440 4312 'priveris
469 4203 545 4283 albi
570 4201 728 4282 fundum
757 4210 873 4312 petit,
916 4199 981 4284 sed
1013 4209 1208 4404 vitritplgpssot

455 4511 468 4554 i
