3342 5317
454 701 769 843 DeflProduJis
803 699 1025 817 Valentis.
1076 772 1079 779 ¹
1124 734 1203 839 289

271 918 334 1002 vel
348 919 623 1026 adrls'corruptl
639 927 855 1020 varietates,
878 930 957 1026 igni
969 923 1103 1005 alendo
1128 933 1199 1004 ml·
1319 957 1323 961 ’

269 1033 373 1105 nime
392 1027 563 1127 idoneas,
590 1036 782 1132 porrigere
795 1027 924 1117 solent.
974 1030 1200 1129 Helcsigltur
1343 1112 1347 1121 ,

214 1139 226 1147 ‘
268 1121 445 1234 physicus
462 1149 598 1208 naturae
614 1134 807 1229 miracula,
831 1148 1011 1234 quantum
1032 1131 1113 1212 fieri
1128 1155 1197 1237 po·

268 1233 359 1332 test,
383 1236 582 1313 dilucidare
596 1243 770 1340 cupiens,
795 1243 834 1313 in
858 1235 1040 1340 angustiae
1060 1237 1197 1345 redigi·

266 1355 358 1437 turs
372 1365 453 1417 non
467 1357 589 1416 tamen
607 1358 736 1440 tantas,
762 1354 802 1416 ut
815 1344 1038 1442 peculiarem
1053 1352 1195 1445 ignem,
1301 1361 1310 1368 ·

266 1467 291 1522 a
312 1444 458 1544 vulgari
476 1442 678 1542 diversum,
699 1443 855 1548 'fingere
874 1467 967 1546 opus
988 1442 1041 1530 srt.
1090 1451 1195 1560 Mag.

265 1569 355 1626 nem
374 1555 475 1626 enim
498 1548 639 1626 vitrioll
660 1556 804 1647 martis,
838 1550 1005 1629 aluminis
1028 1555 1065 1630 oz
1088 1540 1195 1654 gypfi

264 1657 415 1756 oopiarrl
434 1661 475 1731 in
496 1656 664 1730 vulcanls
675 1660 846 1755 generari
859 1651 1195 1749 demonstravimus
1333 1722 1337 1728 .

266 1755 341 1862 (§§.
375 1745 482 1856 Vlll,
507 1757 590 1854 XI),
616 1757 656 1852 hl
678 1775 801 1836 autem
821 1753 953 1864 finguli
974 1755 1063 1845 sales
1084 1757 1193 1842 vehe-

264 1869 385 1940 menti
401 1869 488 1964 igne
502 1869 590 1938 torti
602 1867 700 1939 inter
712 1861 779 1938 alia
792 1869 885 1938 aeris
897 1861 1016 1942 vitalis
1030 1866 1192 1941 multum
1253 1901 1257 1908 ·

265 1965 446 2044 erudiant.
507 1963 672 2043 Acidum
705 1965 847 2042 vitrioli
866 1962 1009 2068 semper
1033 1966 1193 2069 praesens

264 2063 315 2176 (§.
339 2056 445 2168 Vlll,
469 2071 521 2169 A)
535 2076 705 2148 materias
725 2065 917 2148 exhaustae
930 2076 1064 2171 iterun
1082 2071 1191 2175 adap‘

263 2191 336 2271 tat,
374 2195 419 2252 ut
439 2199 541 2252 nova
563 2178 658 2251 aerei
675 2170 829 2250 flumina
849 2195 1022 2276 promere
1042 2192 1188 2278 queant.

264 2279 323 2356 En
346 2275 492 2377 fontes,
511 2284 574 2380 qui
594 2285 740 2382 ignem,
765 2283 874 2353 etiam
894 2285 936 2354 in
958 2277 1046 2356 loco
1066 2277 1190 2363 clauso

259 2381 462 2460 sustentare
479 2379 637 2484 pollunt,
662 2381 923 2458 &continuata
937 2381 1190 2484 experimenta

261 2491 389 2590 pluteo¹
403 2485 579 2566 forsan&
597 2484 788 2562 uberiores
808 2481 1100 2585 lnvestigabunt,
1125 2492 1190 2567 oh·

258 2591 530 2676 servationibus
545 2589 630 2668 solis
649 2593 851 2688 numquam
864 2588 1100 2690 detegendos.
1133 2588 1206 2670 Ut

261 2714 385 2776 totum
410 2697 596 2774 enodetur
615 2688 854 2793 mysterium,
893 2693 1103 2772 adcuratior
1129 2719 1189 2791 re·

260 2807 420 2906 quiritur
432 2805 599 2903 cognitio
621 2796 667 2874 de
690 2803 837 2875 iuterna
858 2799 997 2881 telluris
1017 2792 1188 2876 constru-

261 2907 388 2986 etione
408 2905 445 2982 &
469 2903 661 3005 qualitate,
682 2907 687 2913 '
707 2923 816 3002 quam
832 2905 907 3000 J‘am
927 2900 950 2976 s
970 2924 1072 2980 erare
1092 2903 1187 2982 licet.
1271 2954 1275 2958 ·

259 3009 343 3088 Nec
356 3013 481 3086 minus
496 3005 547 3084 est
561 2997 757 3084 neeellaria
781 3005 907 3084 enada
921 2927 1188 3108 pssaenomeno-¹

258 3138 345 3192 rum
371 3112 654 3204 determinatio,
691 3133 771 3208 quae
796 3107 1034 3190 latiscentlam
1055 3117 1184 3216 pyritae
1267 3149 1272 3152 ·

255 3223 488 3298 'comitantur
510 3222 551 3292 in
571 3207 722 3290 diversis
736 3207 896 3308 cafibuS,
920 3214 958 3290 δι
973 3215 1184 3320 multiplicia

256 3329 375 3428 exigit
391 3327 645 3426 experimenta
662 3315 835 3394 nondum
848 3312 1019 3396 institute
1129 3369 1138 3379 -

571 3725 573 3730 ,
755 3719 818 3738 ,.,
908 3717 951 3745 ,,,

253 4269 544 4456 stramina.
558 4354 705 4434 mern.
877 4331 920 4417 Τ
1055 4317 1184 4418 Index
1298 4316 1303 4324 “
