3342 5317
517 657 595 762 348
652 641 721 735 De
750 639 1074 746 Atirol'r't'om'bur
1097 643 1307 740 Eteffivis.

570 981 777 1075 Columna
797 1007 845 1101 4,
875 845 1091 1072 atlldllrlltrl
1107 983 1382 1103 phlogifficati.

588 1149 764 1230 Acmon
786 1157 894 1251 nitri,
932 1153 1119 1254 inprimis
1140 1171 1442 1259 concentorum,

513 1265 674 1340 materlae
704 1253 977 1335 inflammabilis
1008 1251 1061 1334 est
1095 1255 1362 1362 avidiffinrum,
1403 1264 1442 1342 tc

511 1363 583 1441 hac
614 1366 904 1440 contaminatum
935 1358 1069 1436 rubros
1087 1369 1235 1440 evomit
1263 1388 1440 1466 vapores,

510 1463 701 1569 ipsumque
738 1463 917 1564 liquidum
958 1459 1204 1542 rulescentem
1246 1471 1440 1548 contrahit

510 1574 700 1654 colorem,
771 1573 808 1642 ui
835 1584 958 1644 tamen
987 1567 1087 1646 lenta
1115 1565 1358 1650 destillatione
1390 1579 1439 1653 ita

509 1659 636 1776 lugari'
650 1593 789 1775 puell,
837 1687 877 1752 ut
896 1667 1007 1747 instar
1031 1695 1133 1770 aqure
1154 1679 1258 1750 omni
1281 1682 1437 1778 privatae

509 1779 626 1858 tinllu
648 1791 840 1878 appareat,
876 1777 914 1854 δι
938 1775 1008 1851 tale
1026 1775 1170 1852 acidum
1199 1788 1338 1857 merito
1367 1809 1436 1884 pu.

509 1905 594 1960 rum
615 1880 733 1958 audit:
773 1877 866 1977 Sed,
891 1885 956 1979 qui
979 1886 1131 1957 evanuit
1143 1884 1274 1978 color,
1301 1883 1435 1964 leviffi-

385 2065 396 2087 ,
508 2011 576 2065 roo
594 1983 865 2063 inflammabilis
887 1990 1169 2082 inquinamento
1183 1981 1358 2064 facillime
1374 2015 1436 2068 re-

508 2089 582 2186 dit,
606 2097 724 2166 immo
747 2088 837 2164 radii
859 2085 1013 2182 solares,
1039 2101 1082 2164 ut
1102 2095 1181 2165 cito
1201 2085 1377 2172 flavesoet
1397 2095 1436 2173 δι

505 2191 755 2271 rufescentem
777 2190 924 2268 firmum
950 2197 1109 2288 emittat,
1148 2190 1337 2294 efficiunt,
1377 2206 1436 2276 uti

506 2296 715 2376 observavit
728 2296 853 2375 Dzous
867 2297 1055 2370 &oraru
1095 2293 1257 2376 Acidum
1270 2300 1436 2381 nitrifu-

505 2427 615 2480 mans
646 2401 732 2478 aliar
746 2406 947 2579 egreffium
978 2397 1116 2502 prebet
1146 2399 1441 2506 documentum,

505 2531 583 2610 quo
615 2505 762 2584 colores
795 2505 832 2582 di
865 2502 983 2580 intlos
1024 2529 1045 2578 a
1081 2501 1221 2582 diversa
1254 2507 1435 2614 phlogilli

505 2603 680 2688 densurte
706 2615 796 2686 oriri
823 2605 975 2686 constat.
1052 2608 1198 2705 cilicet,
1226 2608 1302 2686 hoc
1328 2613 1432 2692 rufe.

502 2704 607 2792 scens
624 2715 663 2791 &
683 2708 791 2793 benea
809 2723 1112 2807 ooncentratum,
1147 2735 1249 2812 aquae
1277 2719 1431 2796 circiter

503 2832 633 2920 quarta
672 2832 775 2916 parte
790 2843 796 2853 ··
814 2813 977 2916 respetlu
1016 2815 1216 2893 voluminis
1254 2815 1430 2922 dilutum,

500 2921 748 3026 pulcherrime
761 2924 869 3014 viret,
894 2917 1012 2996 atlhuo
1024 2935 1149 2996 tamen
1162 2920 1318 3000 rubrum
1333 2949 1429 3005 evo·

499 3033 569 3105 mit
591 3022 754 3101 fumum:
798 3031 939 3099 anatica
966 3045 1060 3124 vero
1081 3023 1142 3100 vel
1162 3025 1323 3124 paullum
1346 3056 1428 3107 ma·

497 3136 560 3232 jor
591 3153 691 3228 aquae
702 3132 840 3228 ..portio
865 3125 1060 3202 coeruleum
1096 3122 1226 3224 efficit,
1266 3127 1329 3208 sed
1354 3133 1427 3212 du.

495 3235 555 3338 pla
581 3232 642 3308 vel
672 3234 777 3331 tripla
803 3253 956 3306 omnem
986 3229 1081 3306 delet
1106 3231 1285 3317 colorem.
1350 3235 1425 3314 Fu.

450 3421 458 3431 ,
496 3330 581 3417 olus
598 3333 709 3414 ruber
722 3334 782 3412 vel
800 3330 931 3436 sponte
952 3347 1146 3432 emanans,
1172 3335 1424 3435 veladjuvau·

496 3460 535 3519 te
556 3439 685 3518 calore
700 3460 750 3515 ox
770 3437 883 3515 acido
903 3438 1023 3514 hocce
1042 3435 1231 3539 erpulfus,
1268 3447 1312 3518 in
1335 3444 1423 3524 vase

495 3542 620 3623 elauso
639 3540 740 3620 suam
755 3537 879 3618 letvot
906 3538 1174 3633 elasticltatem‚
1217 3541 1361 3646 frigore
1380 3557 1423 3628 in

491 3651 679 3750 liquorem
698 3669 779 3724 non
798 3642 1039 3746 redigenduu
1063 3635 1224 3748 ideoque
1250 3653 1332 3738 iure
1350 3659 1422 3732 oci-

376 3775 384 3799 ‘
492 3756 570 3830 dum
584 3755 677 3834 ,nitri
698 3744 876 3853 ob'rtforrne
904 3748 1086 3850 appollo.
1119 3751 1209 3829 Hoo
1235 3777 1330 3855 aqua
1353 3757 1429 3834 ab-·

491 3854 682 3953 sorbetur,
718 3875 798 3955 quoe
821 3870 923 3931 certa
941 3846 1020 3930 doli
1043 3852 1262 3940 cerulescit,
1297 3865 1419 3960 majo.

491 3983 534 4035 re
560 3957 712 4062 pulchre
742 3961 860 4056 viret,
891 3954 1029 4050 ‚satiata
1052 3954 1222 4062 flavescit,
1244 3961 1284 4039 &
1309 3973 1419 4042 tertia

490 4063 692 4139 voluminis
725 4076 826 4162 parte
857 4067 1041 4164 reperitur
1072 4059 1185 4142 auita.
1241 4063 1299 4141 En
1331 4071 1423 4146 acidi

487 4166 604 4272 ritrol
634 4161 857 4280 pllogllr'coti
889 4171 1123 4246 variationes.
1202 4163 1417 4352 Crenrfleum

602 4317 606 4325 ’
1319 4299 1417 4381 P0n'
1506 4367 1507 4388 t
