3342 5317
510 676 597 786 364
649 671 720 764 De
744 653 1069 762 Attraliionibus
1093 661 1302 762 tudinis.

510 899 625 978 quum
637 883 752 976 pauca
768 867 1096 974 illavegetebilimn
1109 869 1232 970 acida,
1256 871 1430 974 queltac·

510 997 618 1058 tenus
639 977 763 1080 paullo
783 975 989 1054 adeuntius
1002 970 1286 1076 comosciinus,
1308 975 1430 1054 diver·

508 1077 557 1160 sn
584 1081 763 1182 gaudeant
786 1075 1087 1183 proprietatibus,
1111 1079 1246 1180 ¹talium
1268 1075 1347 1157 sme
1363 1079 1430 1156 du-

508 1185 572 1264 bio
600 1183 833 1263 numetosam
854 1201 1038 1263 catervam
1055 1187 1095 1258 in
1138 1179 1261 1261 lucem
1286 1200 1430 1286 protra-

507 1292 574 1368 het
608 1289 789 1387 longioris
826 1293 897 1364 oevl
935 1287 1128 1386 diligentia.
1202 1287 1429 1390 neupmm

508 1389 757 1492 obstaculum,
792 1389 894 1492 quod
927 1388 1146 1470 eorumdem
1177 1393 1338 1470 retardat
1369 1417 1431 1469 cn·-

505 1503 733 1596 gmoonem,
758 1490 811 1572 est
835 1517 970 1600 mpgna
1001 1491 1201 1594 deputandi
1224 1489 1444 1594 difficultag

505 1596 591 1678 sunt
624 1605 724 1676 enim
754 1599 832 1676 aitis
866 1603 917 1678 ita
937 1597 1131 1700 ¹involutae
1154 1604 1354 1698 materiis,
1391 1615 1430 1678 ut

506 1708 697 1807 egerrime
721 1710 955 1780 extricentur.
1005 1701 1096 1780 Non
1118 1698 1188 1781 nisi
1208 1727 1325 1804 pauca
1346 1703 1430 1782 heic

504 1813 547 1886 in
575 1803 721 1884 scenam
754 1805 944 1908 produco,
981 1829 1141 1908 quorum
1178 1808 1356 1912 pleraque
1387 1833 1429 1886 ea

503 1909 674 1988 laborant
702 1907 1007 2010 imperseslione,
1042 1926 1082 1987 ut
1111 1915 1200 2008 igne
1226 1907 1341 1988 facile
1372 1911 1429 1988 de·

503 2008 697 2092 struantur.
745 2011 849 2092 Num
887 2014 966 2092 htec
1005 2007 1161 2114 liupila,
1201 2039 1276 2194 pua
1311 2018 1429 2118 prima

503 2114 654 2195 slamim
674 2114 925 2196 conveniant?
957 2117 1058 2192 Num
1081 2125 1178 2196 inter
1218 2144 1239 2196 e
1262 2126 1429 2196 inuicem

502 2227 739 2298 transmutari
755 2215 913 2325 posfint?
939 2217 1156 2322 questiones
1175 2220 1262 2300 sunt
1282 2221 1429 2301 idoneis

502 2323 755 2424 adeuntisque
774 2323 1015 2424 dijudicandoe
1038 2333 1309 2427 experimentis
1369 2327 1427 2404 De

503 2425 617 2506 acidis
648 2433 793 2524 unani,
822 2435 906 2505 citri
937 2427 975 2504 lit
1003 2429 1104 2508 latiis
1133 2447 1238 2508 ceno
1270 2427 1426 2529 constat,

500 2533 583 2628 illa,
605 2528 889 2632 additieaqua&
902 2530 1024 2634 spiritu
1041 2539 1139 2632 vini,
1170 2531 1237 2608 sub
1251 2531 1427 2636 digestio-

499 2660 551 2712 ne
584 2634 739 2734 plurium
771 2635 1042 2712 hebdomadum
1076 2654 1242 2716 naturam
1270 2637 1426 2718 induere

499 2743 604 2816 aceti.
655 2737 752 2813 Heio
778 2752 962 2838 tamquam
982 2737 1121 2818 diversa
1146 2735 1427 2834 considerentur

500 2855 669 2942 oportet,
708 2865 821 2940 quum
853 2841 995 2940 semper
1032 2840 1098 2921 fibi
1131 2842 1259 2921 similia
1297 2847 1425 2922 habers

500 2958 659 3046 queant,
683 2941 945 3046 facultatesque
976 2945 1178 3046 possideant
1208 2946 1425 3027 diffinitissi-

498 3072 597 3146 mas,
620 3045 829 3129 constantes
860 3049 1079 3132 &maximi
1108 3059 1149 3130 in
1181 3071 1261 3132 arte
1292 3050 1425 3158 spagy-

498 3155 575 3234 aica
598 3159 788 3229 momenti.

570 3355 885 3460 Quo-saccharo
903 3355 996 3437 inest
1015 3347 1183 3458 acidum,
1223 3361 1356 3442 oleoso
1373 3369 1423 3440 ita

496 3459 698 3542 adunatum
730 3467 929 3564 reperitur,
970 3477 1013 3539 ut
1053 3463 1230 3544 haetenus
1255 3491 1338 3542 non
1357 3463 1424 3543 dist

495 3565 605 3647 acido
628 3569 734 3661 nini,
759 3571 900 3669 pingue
922 3561 1337 3667 destruentegjliberari
1360 3595 1425 3672 po-

496 3678 619 3750 tuerit.
670 3669 835 3766 Scilicet,
875 3667 970 3746 acidi
994 3675 1081 3748 nitri
1103 3669 1212 3750 sottis
1234 3681 1316 3760 6-3
1340 3697 1425 3776 par·

494 3791 572 3871 tet,
594 3771 755 3850 saccinti
773 3771 845 3848 albi
862 3773 1045 3874 ptdueeati
1062 3803 1101 3872 1,
1130 3782 1172 3852 in
1195 3795 1338 3855 retorta
1370 3783 1424 3853 vi·

493 3893 573 3954 trea
594 3875 840 3954 adsundantur
862 3877 1070 3979 leniterque
1090 3903 1137 3958 co
1164 3899 1308 3960 uantur.
1366 3881 1424 3957 In-

492 3979 763 4086 temacidum
795 3986 884 4060 nitri
913 3977 1123 4082 phlogiston
1138 3903 1308 4061 lacehari
1332 3991 1423 4062 arri·

491 4090 602 4188 piens
629 4105 792 4184 vaporet
822 4085 1145 4182 enimimpios,
1180 4088 1314 4190 qmbus
1340 4107 1423 4164 ean·

492 4179 579 4269 dem
606 4181 1023 4296 munimem
1046 4207 1198 4274 renate
1224 4189 1368 4404 retiapiils
1382 4199 1423 4270 in

499 4341 507 4354 ·
581 4329 596 4376 ⁶,
1255 4317 1318 4375 lm
1360 4318 1423 4374 iim
