3342 5317
445 706 536 822 296
589 698 658 795 De
677 697 1231 796 narratoribusuteitivis.
1292 737 1296 744 ·

447 903 659 988 absentibus
678 905 755 984 hoo
773 902 835 982 vel
854 910 1013 982 omnino
1035 897 1277 1002 desideratur,
1313 906 1379 984 vel

448 1033 520 1115 pro
540 1026 685 1090 renata
703 1014 883 1088 variatum
899 1007 1033 1108 prodit
1088 1005 1241 1094 lntetest
1257 1006 1380 1088 scien·

449 1121 531 1214 tite,
556 1129 596 1190 ut
610 1119 835 1192 mutationes
850 1109 1085 1192 &causarum
1100 1135 1220 1190 nexus
1232 1118 1274 1190 in
1288 1138 1381 1214 qua.

449 1223 510 1296 vis
531 1223 768 1323 operatione,
815 1240 1028 1317 quousque
1050 1223 1169 1316 pertin
1220 1240 1261 1292 re
1277 1219 1382 1316 licet,
1517 1277 1518 1282 t

449 1319 624 1402 adcurate
649 1313 941 1420 cognolcantur,
968 1321 1005 1398 u
1026 1326 1151 1418 quanti
1188 1319 1215 1396 it
1236 1323 1382 1400 emolu-
1517 1329 1518 1384 l

448 1429 566 1503 urenti
586 1423 845 1518 attradllonum
865 1422 1071 1520 rigorosunt
1096 1445 1258 1502 examen
1277 1427 1384 1528 plura

448 1534 493 1611 in
506 1525 743 1706 serpentibus
760 1528 928 1634 exempla
949 1527 1178 1626 luculenter,
1200 1545 1243 1605 ut
1258 1525 1381 1636 spem,

449 1655 552 1714 matu
568 1627 744 1714 astabunt.

527 1785 725 1864 Pomanus
748 1811 843 1864 vero
862 1792 936 1886 jam
959 1792 1206 1883 eontrarium,
1233 1802 1381 1868 certum

392 1911 403 1928 ‘
449 1913 586 1992 nempe
602 1890 814 1970 earumdem
828 1891 1000 1968 ordinem
1018 1915 1059 1965 re
1073 1915 1160 1967 vera
1173 1891 1300 1966 locum
1315 1893 1383 1968 ha-

449 1994 559 2080 bere,
582 2017 711 2072 annon
724 1996 786 2073 hic
800 1999 1025 2097 experientia
1045 1991 1155 2076 semel
1177 2015 1305 2074 erutus
1323 2002 1383 2072 in·
1519 1995 1520 2036 ¹

449 2094 524 2182 star
538 2099 650 2178 clavis
663 2105 757 2196 erit,
783 2123 860 2200 quo
873 2105 1050 2176 interiora
1071 2113 1206 2176 natutae
1228 2095 1384 2180 sacraria

450 2199 610 2282 reserare
630 2201 772 2290 licebit,
797 2199 1076 2302 difficillimaque
1097 2227 1163 2302 per
1185 2217 1299 2282 totam
1322 2229 1384 2278 ar·

451 2322 526 2384 tent
545 2304 790 2407 problemata,
815 2307 853 2384 dt
876 2306 1077 2408 analytica,
1105 2301 1384 2412 &synthetica,
1520 2371 1521 2418 ἴ

449 2405 606 2488 feliciter
626 2404 793 2489 solvere?
842 2407 978 2512 Opera
999 2415 1109 2508 igitur
1131 2435 1211 2502 non
1236 2427 1386 2506 tantum
1520 2427 1521 2432 ’

449 2519 608 2616 pretium
622 2509 693 2589 effe
705 2514 800 2617 hano
816 2515 990 2591 excolere
1004 2511 1229 2616 dodlrinam,
1243 2513 1305 2592 sed
1320 2532 1393 2598 to:

450 2634 526 2693 tam
539 2612 618 2693 fere
632 2615 823 2696 Chemiam
837 2619 928 2698 huic
940 2615 1052 2696 instar
1072 2613 1303 2695 fundamenti
1323 2616 1385 2698 so·

450 2719 515 2796 lidi
527 2725 636 2796 inniti
656 2720 867 2816 contendo,
897 2717 1008 2802 saltim
1026 2713 1053 2794 fi
1076 2721 1291 2798 rationalem
1313 2719 1388 2800 vol

450 2826 601 2919 tumus,
642 2847 723 2924 que
743 2829 1002 2926 operationum
1027 2821 1166 2924 lingula
1188 2845 1384 2908 momenta
1521 2823 1522 2830 ¹

450 2923 662 3030 perspicue,
696 2927 733 3004 dt
750 2951 844 3004 vero
861 2935 974 3005 nexui
994 2935 1285 3026 convenienter,
1317 2955 1385 3010 ex·

451 3037 567 3113 tricat.
625 3027 704 3134 Qui
742 3028 898 3118 dubitat,
931 3029 1177 3138 prejudicans
1209 3027 1384 3112 liberatus
1415 3082 1420 3092 ·

453 3132 715 3235 opinionibus,
745 3130 930 3240 sequentia
958 3129 1184 3238 consideret,
1213 3133 1385 3244 pensitet,

454 3244 674 3346 experiatur.⁴
1440 3249 1442 3254 ’

859 3415 891 3522 t.
925 3417 984 3492 111.
1093 3477 1096 3484 ,

463 3561 469 3672 s
512 3553 632 3649 Num
658 3558 843 3646 constans
876 3542 1158 3646 attradlionum
1192 3553 1327 3644 ordo?

530 3706 643 3782 Huic
668 3699 860 3805 questioni
880 3726 961 3782 non
985 3698 1053 3780 nist
1077 3728 1125 3786 ex
1150 3701 1399 3806 sequentium·

457 3809 655 3910 quidquam
681 3814 774 3891 certi
795 3801 1011 3908 responderi
1034 3804 1175 3907 potest,
1193 3814 1267 3906 jam
1289 3833 1385 3886 vero

458 3912 518 3992 ab'
535 3918 646 3992 initio
675 3903 798 3989 obiter
827 3903 1127 4008 confideremus,
1165 3916 1258 3990 n'urn
1289 3936 1386 3996 oon.

458 4012 577 4113 stans,
601 4015 718 4116 qualis
742 4020 783 4092 in
806 4011 839 4117 ᾗ.
863 4035 971 4114 proc.
996 4020 1240 4116 proponitur,
1273 4015 1385 4114 ordo,

457 4112 505 4200 fit
528 4115 811 4220 exspedlaodus?
858 4113 968 4196 Forte
1000 4141 1070 4219 pro
1103 4142 1144 4196 re
1177 4137 1261 4200 nata
1290 4127 1387 4198 reci·

438 4243 575 4330 -ptoce
598 4221 794 4331 demetit
818 4220 861 4318 b,
877 4223 933 4332 y&
957 4220 979 4308 b
1002 4217 1168 4338 titillant
1185 4220 1230 4308 ni
1273 4224 1387 4314 Eorta

460 4398 467 4408 .
1277 4335 1388 4411 etiam
