3342 5317
518 649 604 808 28¹2
706 647 774 740 De
799 627 1020 739 Prodesse}
1049 648 1101 740 V
1095 644 1268 741 sicariis.

514 845 654 928 suerint
691 843 718 926 fi
771 847 842 948 roe‘,
858 884 862 892 ¹
879 845 991 950 idque
1027 845 1104 929 srne
1134 857 1259 957 ¹vitrea
1291 851 1433 954 indole,

428 1041 431 1053 ‚
515 977 626 1056 quam
651 969 720 1032 mo‘
742 959 805 1030 ico
839 955 914 1052 jam
933 959 1022 1056 igne
1049 961 1194 1059 recipit:
1232 957 1353 1032 ‘Num
1375 965 1434 1034 vi·

513 1075 613 1136 trum
636 1071 741 1136 aetate
763 1063 947 1134 internam
970 1054 1205 1154 densitatem,
1229 1059 1432 1163 glabritiem

509 1162 741 1344 ¹bitoitorem
770 1166 936 1240 amittere
964 1159 1107 1266 potest,
1151 1161 1251 1243 salva
1279 1179 1433 1244 texture

539 1269 697 1344 enitare.

586 1420 637 1512 F)
668 1417 841 1498 conca
856 1416 1227 1521 congestionesvulcanioe
1241 1435 1326 1500 toto
1343 1447 1432 1500 coe·

508 1527 551 1604 lo
575 1523 727 1632 diffiteri
745 1519 789 1600 ab
817 1523 1098 1620 asiismontibur,
1137 1540 1212 1601 tam
1232 1531 1429 1625 primaevis,

508 1653 616 1730 quam
631 1625 839 1728 junioribus
852 1621 1018 1721 stratosts.
1037 1717 1041 1724 Ι
1069 1626 1147 1728 Qui
1159 1633 1323 1707 internas
1338 1625 1426 1706 stru·

507 1733 645 1820 siuns,
679 1734 988 1830 materierumque
1016 1746 1207 1830 naturam,
1253 1755 1358 1832 aeque
1386 1755 1427 1819 ac

506 1833 886 1936 externasqualitates,
901 1830 1067 1934 rigorose
1081 1836 1311 1920 examinat&
1322 1860 1427 1914 eom.

504 1957 618 2042 parat,
631 1961 802 2039 magnam
815 1933 1022 2019 observabit
1035 1933 1321 2038 discrepantiam.
1353 1941 1426 2017 Ve-

503 2068 588 2122 rum
608 2039 758 2144 quidem
776 2035 846 2128 est,
886 2037 988 2141 quod
1019 2037 1265 2146 atmosphaerae
1292 2039 1425 2120 viciffi·

503 2143 649 2229 tudioes
669 2169 734 2248 per
755 2145 905 2244 longam
924 2139 1143 2222 seculorum
1164 2139 1295 2222 seriem
1319 2144 1425 2226 vesti·

531 2257 563 2326 ia
579 2251 700 2328 delere
718 2265 923 2344 conentur,
946 2243 1073 2326 sedne
1087 2246 1234 2347 quidem
1248 2256 1288 2326 in
1303 2246 1424 2353 super.

499 2273 587 2432 scie
608 2359 751 2456 penitus
767 2349 954 2430 obliterari
964 2347 1121 2452 potuisse
1136 2350 1345 2432 monstrant
1358 2381 1423 2432 ex·
1502 2366 1503 2399 ³

498 2455 619 2538 stinsli
631 2455 798 2552 Vulcani,
812 2451 1127 2555 quorumnullam
1141 2461 1301 2532 omnino
1315 2483 1423 2536 men·
1502 2492 1503 2497 Ν

498 2568 640 2640 tionem
668 2555 807 2636 faciunt
831 2552 1075 2658 antiquissima
1100 2578 1346 2662 monumenta
1363 2564 1423 2639 hi.

497 2661 650 2758 stoi-ica,
690 2659 805 2741 &sua
831 2678 956 2740 tamen
979 2668 1114 2746 canitie
1141 2667 1328 2766 originem
1352 2667 1423 2746 ho·

497 2763 557 2846 die
578 2765 697 2873 celare
709 2781 911 2868 nequeunt.

878 2967 1032 3076 exv·
1101 3065 1105 3070 ,

349 3231 350 3236 Ν
406 3153 413 3170 “
487 3135 563 3228 De
590 3158 681 3226 ortu
718 3136 998 3256 &progressu
1032 3141 1138 3260 ignis
1164 3137 1417 3228 subterranei

564 3321 720 3400 Posrro
747 3329 835 3424 igne
855 3327 1031 3423 centrali,
1070 3331 1132 3427 qui
1149 3325 1211 3402 hic
1234 3328 1311 3403 iilic
1335 3334 1417 3405 exi·

387 3449 389 3460 ¹
489 3440 569 3506 tum
602 3413 684 3518 fibi
706 3445 827 3529 parat,
872 3427 1148 3530 quodammodo
1182 3431 1416 3531 intelligitur,
1501 3460 1503 3505 ;

482 3547 574 3628 ¹cur,
600 3529 801 3609 accedente
821 3556 934 3632 aqua,
957 3557 1114 3639 vapores
1136 3531 1271 3610 elastici
1293 3541 1416 3613 incar·

485 3640 617 3731 cerati,
657 3661 704 3711 ex
729 3659 803 3713 una
822 3643 863 3714 in
896 3637 1004 3713 aliam
1025 3653 1260 3740 penetrantes
1282 3663 1415 3717 caver·

483 3763 571 3816 nam
589 3736 881 3835 subterraneam,
913 3745 1096 3840 mugiant,
1121 3747 1299 3818 viciniam
1321 3768 1413 3844 qua-

483 3849 596 3937 tiant,
634 3841 783 3919 tandem
812 3841 1001 3922 obstacula
1028 3851 1206 3940 vincant,
1239 3853 1413 3924 materias
1500 3876 1501 3887 ¹

481 3943 743 4024 incumbentes
761 3945 974 4045 oissringant
994 3953 1235 4049 ejiciantque‚
1264 3955 1331 4026 vel
1345 3977 1414 4054 pa·

480 4073 565 4126 rum
586 4067 743 4127 mutatas
763 4057 815 4152 (p.
855 4051 941 4149 Ill),
980 4052 1042 4129 vel
1068 4057 1169 4128 varie
1195 4051 1339 4130 exustas
1362 4057 1412 4154 (p
1500 4060 1501 4069 '

479 4151 552 4266 lv,
576 4143 755 4256 tiu-C),
780 4153 1169 4262 vellemquemias&
1190 4156 1413 4282 candentes,

1327 4286 1413 4369 qur·
