3342 5317
429 685 498 784 ut
524 617 747 804 nsunt
783 683 999 803 Valeant.
1104 700 1185 815 ιν,

248 855 420 996 ῃὴνῐνοὶᾱ
434 890 567 972 fovere
577 889 674 970 haud
689 896 794 994 pauci
800 908 991 971 autumant
999 899 1035 992 e)
1044 899 1195 992 ,cujusl

246 1004 290 1082 in
314 992 508 1098 superficie
532 1005 656 1074 varios
679 995 739 1072 hic
760 995 832 1074 illic
855 995 1006 1086 effectus
1028 1000 1178 1077 cuilibet

247 1099 556 1204 contemplandos
583 1099 768 1194 indicant,
789 1097 1025 1198 scaturigines
1041 1126 1179 1204 nempe
1310 1194 1312 1199 ,

248 1227 426 1306 aquarum
442 1201 658 1292 calidarum3
674 1209 880 1304 ingentium
894 1210 1090 1302 regionum
1104 1223 1179 1283 tre·

249 1313 496 1406 mulationes‚
523 1331 603 1408 quae
617 1307 732 1406 vulgo
748 1307 1180 1412 terrae‘nrotusaudiunt3

248 1409 647 1489 horrendasmontiurn
660 1415 938 1510 ignivomorunr
954 1419 1179 1514 eruptiones,

248 1511 444 1592 immensas
470 1521 690 1614 voragines,
731 1513 769 1594 ὃν
805 1537 886 1614 quac
899 1565 902 1570 -
915 1510 997 1592 sunt
1028 1517 1180 1619 reliqua.

250 1617 495 1720 sequentibus
540 1615 782 1718 temporibus,
808 1613 912 1694 cestus
952 1615 1178 1701 subterranei
1243 1635 1248 1642 '

250 1723 335 1803 alias
359 1717 605 1823 quaesiverunt
627 1716 750 1798 causas
764 1737 909 1796 nature
927 1720 1062 1826 rnyllae.
1087 1725 1181 1824 Qui·

250 1828 336 1904 dam
359 1826 508 1901 aceleri
531 1848 705 1926 aquarum
725 1841 834 1900 motu
856 1827 1069 1903 earumdem
1085 1830 1182 1906 deri·
1208 1846 1211 1854 “

250 1947 343 2008 vant
362 1929 548 2006 calorem:
582 1929 683 2006 aliie
705 1927 807 2004 calce
828 1934 914 2003 viva
937 1936 977 2006 in
1000 1933 1180 2013 meatibus

252 2037 347 2112 non'
374 2056 576 2132 numquam
613 2029 724 2108 obuia
755 2033 793 2108 8<
824 2028 945 2109 subito
981 2036 1179 2116 inundata:
1280 2084 1282 2089 ·
1402 2055 1405 2060 ·

252 2122 444 2212 Brouurr
460 2141 502 2211 ab
521 2131 795 2212 effervescentia
811 2133 904 2212 acidi
919 2132 1098 2239 sulphuris
1111 2164 1180 2219 vo·
1213 2145 1219 2153 '

251 2243 358 2324 latius
379 2265 465 2316 curn
490 2239 652 2316 alkalinis
672 2239 709 2318 ὃ(
730 2240 920 2317 metallicis
941 2249 1103 2333 materiis
1112 2240 1182 2350 ἡ

253 2345 309 2422 M.
335 2345 493 2420 Lrsauu
516 2349 668 2444 pyriten
687 2341 815 2420 habuit
839 2339 1039 2444 suspectum
1048 2349 1118 2448 g),
1141 2349 1186 2426 &-

254 2471 390 2528 omnes
408 2443 487 2544 fere
511 2452 739 2528 recentiores
764 2445 934 2526 eumdem
955 2446 1183 2543 subterranei
1255 2502 1260 2506 -

251 2556 351 2654 ignis
373 2547 519 2627 fontem
542 2545 612 2626 elle
635 2547 879 2635 contendunt
929 2551 999 2630 Sed
1020 2551 1068 2632 de
1090 2577 1185 2634 vera

252 2653 359 2736 causa
370 2662 411 2730 in
427 2649 662 2754 sequentibus
677 2653 781 2754 plura
802 2655 849 2749 l).
1025 2649 1037 2672 ⁸

329 2757 507 2834 Norunt
540 2753 753 2857 semper&
786 2755 924 2859 ubique
950 2753 1180 2864 spagyricarn

254 2879 408 2942 exercet
423 2877 550 2938 artem.
602 2861 672 2936 Per
693 2876 814 2938 toturn
837 2859 1021 2940 mundurn
1043 2889 1183 2970 corpo-

252 2991 362 3045 reum
375 2971 553 3042 continue
573 2961 684 3042 solvit
705 2967 742 3042 δι
767 2969 955 3066 coagulat,
977 2975 1182 3048 maximae
1271 3036 1274 3043 .

252 3073 417 3148 minimis
439 3085 625 3172 procreat,
665 3065 870 3150 concordia
897 3094 921 3146 e
942 3063 1185 3173 discordibus,

251 3169 460 3252 solidissima
491 3195 513 3248 e
539 3165 682 3265 fluidis,
728 3167 959 3272 viciffinrque
982 3170 1186 3256 firmissima

253 3274 464 3378 liquefacit,
505 3278 622 3350 irnrno
655 3280 767 3352 etianr
784 3280 825 3350 in
847 3300 953 3356 auras
969 3280 1031 3356 vel
1057 3278 1190 3374 sumou

254 3379 416 3460 resolvit.
469 3377 525 3456 Fit
544 3377 621 3456 hoc
636 3375 858 3479 'plerumque
878 3379 1002 3479 lente,
1033 3383 1190 3470 clance..

254 3486 332 3578 lum
357 3485 394 3562 ὃν
416 3478 632 3584 nobit=³fere
657 3475 787 3560 insciis.
839 3483 932 3560 Sunt
955 3500 1078 3563 tamen
1101 3488 1187 3589 plu-

254 3587 357 3664 ribus
371 3587 463 3663 locis
486 3577 586 3686 quasi
606 3575 769 3685 officinae,
783 3586 845 3662 vel
860 3584 1120 3688 Laboratoria,
1142 3596 1189 3675 in

257 3691 391 3794 quibus
407 3687 544 3768 Natura
568 3685 686 3790 palam
709 3683 921 3770 multifarias
942 3698 1083 3794 peragit
1094 3719 1189 3795 ope«

256 3804 442 3892 rationes,
482 3791 760 3883 calcinauones,
793 3788 989 3896 fusiones,
1020 3797 1226 3900 pulvera'

717 3893 805 3994 Mt
1111 3905 1192 3988 uo..

300 4008 329 4078 t)
351 3997 459 4066 Mund.
497 3999 581 4062 sobe.

290 4088 336 4170 s)
358 4089 403 4150 ue
425 4085 551 4148 thermis
572 4088 704 4168 aquisgr.

301 4181 340 4258 g)
363 4175 424 4232 Tr.
446 4171 484 4232 de
503 4186 589 4235 ttrrae
609 4171 752 4240 motibu-
816 4241 820 4248 ,

257 4283 260 4292 ,
311 4257 346 4336 n
368 4255 395 4345 t.
416 4262 524 4344 rur.¹
