3342 5317
514 659 592 748 330
663 625 733 723 Dc
753 619 1309 763 Atirosl'sotssrrsEstsssvr'si

518 839 610 913 nitri
634 855 732 938 puro
764 831 1000 934 portiuncula
1027 845 1180 908 tantum·
1194 836 1261 906 vix
1281 821 1455 906 sensibills
1513 887 1514 920 r

514 936 693 1035 solvitur,
724 929 793 1012 nili
814 935 939 1014 addito
961 931 1155 1033 ficeharo,
1180 933 1309 1028 melle,
1333 933 1455 1011 aliave
1513 939 1514 944 ’

511 1047 674 1119 -materle
686 1038 752 1118 infl
815 1039 938 1117 mabill
951 1047 1031 1138 ejus
1044 1056 1204 1136 nature,
1226 1054 1269 1114 ut
1285 1029 1372 1114 l'rinc
1387 1061 1453 1112 ne-

518 1142 710 1226 cessarium
735 1169 757 1220 c
785 1145 1049 1245 suplementum
1072 1143 1205 1222 attrahi
1230 1139 1355 1242 possit:
1380 1146 1455 1216 aci·

519 1249 609 1326 dum
625 1273 719 1325 vero
745 1245 1041 1351 phlogisticatum
1059 1244 1353 1348 persedesolvit.
1381 1243 1453 1319 Hae

519 1351 725 1430 solutiones
748 1351 852 1428 alkali
875 1357 982 1454 preci
1009 1357 1101 1428 itatte
1127 1351 1319 1452 pulverem
1346 1349 1451 1424 exhi·

520 1455 612 1532 bent
644 1455 787 1553 album,
817 1462 881 1555 qui
914 1377 1014 1534 aclst
1048 1452 1155 1532 facile
1187 1451 1295 1540 subit,
1325 1450 1453 1530 sedin

513 1557 610 1660 'igne
630 1554 841 1660 nigrescens
866 1558 902 1638 δι
931 1553 1121 1660 magnesroe
1144 1564 1256 1658 nigrae
1280 1562 1453 1660 proprie-

512 1663 615 1744 tates
630 1687 874 1764 recuperans,
906 1661 1028 1740 albuni
1061 1667 1174 1763 igitur
1206 1653 1451 1738 sedimenturn

520 1767 616 1845 nihil
637 1765 690 1844 est
714 1765 831 1864 eliud,
857 1792 966 1869 quarn
996 1761 1070 1870 ipsa
1096 1768 1178 1846 calx
1205 1783 1313 1846 tanto
1340 1765 1451 1866 phlo-

517 1868 606 1974 ‘gisti
638 1878 825 1968 maritata,
869 1885 1008 1972 quanto
1041 1869 1215 1950 solutioni
1259 1876 1301 1944 in
1336 1867 1451 1944 acidis

519 1982 623 2082 puris
640 1998 735 2079 opus
749 1971 818 2052 etl:
844 1973 993 2074 regulus
1010 1999 1103 2053 vero
1117 1969 1340 2076 superfluum
1357 1997 1451 2048 con·

392 2121 396 2140 ·
521 2089 636 2174 tinet,
676 2104 760 2155 nam
784 2077 874 2155 dum
891 2079 995 2178 illum
1017 2083 1105 2156 nltrl
1124 2069 1268 2181 suscipit
1289 2075 1450 2172 acidum,

508 2179 1188 2397 ‚siss‘ssgs'ssissussslossis?
1197 2179 1452 2387 ροῒιῗὲἓρἶ

522 2397 598 2486 nir,
623 2390 729 2468 elltali
744 2389 884 2468 volatili
905 2387 1066 2468 caustico
1089 2387 1303 2487 nigrescens
1322 2389 1452 2491 praeci·

522 2500 675 2598 pitatur,
699 2495 897 2594 multisque
915 2493 991 2572 aliis
1012 2493 1134 2572 modis
1155 2493 1283 2571 abillo
1311 2493 1451 2586 differt,

518 2605 589 2698 qui
609 2596 804 2694 adjuvante
819 2599 943 2674 calore
956 2603 1134 2698 majorem
1150 2593 1321 2698 phlogisti
1335 2599 1452 2696 jassu-

518 2725 602 2778 ratn
629 2699 727 2776 fecit.
784 2701 917 2776 Eadem
950 2701 1027 2778 fere
1062 2701 1108 2776 de
1140 2699 1264 2798 ferro,
1300 2701 1450 2802 aliisque

520 2805 713 2882 nonnullis
730 2803 883 2880 metallis
902 2809 1046 2882 valent:
1067 2801 1205 2907 singula
1218 2801 1367 2904 quidem
1393 2811 1450 2880 in·

520 2905 751 2983 flammabills
781 2914 955 3007 portione
990 2907 1073 2986 sunt
1107 2908 1300 3011 privanda,
1338 2905 1451 2983 sedfi
1512 3001 1513 3004 Ἴ

520 3010 601 3087 hoc
631 3027 754 3086 certos
784 3009 879 3086 ultra
906 3011 1037 3090 lirnites
1068 3012 1130 3108 fir,
1163 3011 1223 3088 vel
1261 3010 1360 3088 nulla
1394 3013 1449 3088 lo·

432 3177 435 3184 .
512 3137 612 3192 ¹cunr
638 3113 750 3191 hebet
771 3113 925 3213 solutio,
959 3117 1020 3193 vel
1051 3141 1071 3192 a
1102 3122 1260 3216 genuina
1288 3117 1448 3191 multum

520 3214 730 3317 discrepans
755 3217 894 3318 prodit.
943 3215 1192 3297 Adfinitetunr
1226 3218 1323 3294 ordo
1357 3245 1448 3319 prae·

521 3323 737 3400 cedentibus
771 3320 823 3397 est
849 3323 1054 3425 adaptatos,
1099 3323 1269 3402 nondum
1302 3320 1449 3411 idoneis

371 3494 376 3502 .
518 3433 784 3532 experimentis
808 3422 892 3504 satis
918 3429 1142 3530 exploratus.
1226 3455 1234 3476 ·

917 3633 1066 3736 §.xvi

517 3788 529 3902 ⁸.
579 3850 582 3856 .
653 3767 860 3858 Columna
886 3797 935 3884 5,
973 3761 1079 3860 scidi
1108 3769 1315 3884 muriatici.

597 3937 836 4032 r)Ac1nnnr
869 3945 994 4016 murlae
1025 3941 1086 4016 vel
1120 3937 1200 4018 salis
1228 3942 1363 4016 marini
1394 3942 1446 4014 ni·

518 4039 575 4120 lril
605 4039 658 4117 est
687 4036 804 4137 aliud,
838 4067 948 4141 quarn
981 4067 1092 4143 equa,
1134 4055 1221 4120 ae're.
1247 4047 1445 4119 muriatico

521 4146 604 4248 plus
630 4152 755 4227 nnnre
784 4163 945 4231 onerate·
1003 4147 1077 4240 Hic
1107 4159 1170 4226 ae'r
1199 4153 1282 4248 jure
1318 4146 1446 4268 acidpnr
1510 4209 1511 4216 r

1320 4275 1444 4328 muna·
