3342 5317
498 725 585 830 40⁶
636 717 706 811 oe
733 687 1057 809 narrantum
1083 716 1286 810 aremus.
1353 821 1358 834 ,

500 917 677 1000 divellere
712 917 850 1024 potest,
875 921 913 998 br
947 918 1047 998 forre
1079 917 1269 1022 plumbum
1299 903 1402 1022 probe

488 1023 949 1104 ¹etuaeiatumidemvnlet
1000 1023 1163 1100 Acidum
1187 1021 1266 1100 salis
1279 1019 1404 1100 facilius

499 1127 806 1230 decomponitur‚
843 1127 1004 1229 ideoque
1027 1151 1112 1204 cum
1132 1127 1208 1206 hoe
1229 1124 1404 1202 menstruo

473 1243 480 1252 ’
499 1243 567 1308 aer
581 1232 700 1308 titolis
713 1229 910 1308 admodum
925 1255 1034 1332 parce
1047 1229 1179 1332 prodit.
1229 1229 1407 1306 Plumbum

501 1347 680 1431 aerarum,
706 1333 896 1413 eodemne
913 1339 1071 1411 minium
1086 1331 1202 1410 modo
1215 1333 1407 1430 traslatum,
1435 1381 1437 1388 ν

500 1424 580 1515 'nou
595 1433 661 1513 nist
676 1437 819 1515 acidum
843 1453 990 1513 aereum
1012 1439 1168 1538 promit,
1193 1432 1253 1512 sed
1276 1461 1409 1515 mercu-

500 1548 577 1620 rius
600 1549 755 1619 mitratus
768 1539 812 1616 ad
835 1541 1052 1618 rubedinem
1076 1538 1410 1622 calcinatus&feni

491 1641 930 1724 ‘vitriolatisedimentum
952 1641 1212 1746 spontaneum,
1239 1668 1326 1720 curn
1348 1650 1410 1720 acl-

492 1747 553 1828 'do
567 1749 752 1826 vitriolico
766 1745 927 1824 similiter
941 1743 1033 1843 sere,
1059 1743 1292 1847 ominium,
1317 1745 1412 1824 seha·

499 1853 600 1932 bent.
625 1851 779 1928 Ferrum
794 1859 861 1927 vix
876 1873 1050 1951 umquam
1066 1847 1255 1948 magnesio
1274 1852 1412 1930 caret&

492 1953 617 2060 'ipsum
646 1980 799 2058 quoque
829 1957 996 2032 calorem
1019 1951 1298 2058 decomponere
1324 1951 1411 2058 posse

476 2059 669 2160 subdetur,
692 2085 778 2136 nem
800 2057 901 2158 quod
924 2073 1131 2156 magnetem
1154 2055 1321 2155 recusat,
1344 2057 1412 2134 solo

501 2170 589 2264 igne
614 2165 652 2240 ἂ
674 2156 751 2238 sine
776 2159 961 2270 phlogislo
991 2159 1114 2238 addito
1127 2159 1304 2239 attraslile
1325 2157 1364 2239 lit
1381 2168 1413 2238 in

500 2265 704 2347 crucibulo,
960 2286 965 2302 ·

579 2370 731 2444 lucens
746 2372 785 2442 in
799 2379 886 2443 abre
901 2369 1004 2443 vitali
1018 2367 1120 2450 calor
1134 2361 1347 2468 specificus,
1361 2373 1414 2468 qui

501 2475 764 2574 experimentis
777 2470 921 2550 idoneis
936 2465 1175 2547 demonstrari
1190 2471 1335 2572 potest,
1359 2495 1414 2568 ge-

497 2575 608 2654 'nesrn
638 2601 686 2654 ex
705 2574 813 2651 acido
837 2581 945 2671 nitri,
984 2595 1057 2676 ope
1074 2571 1247 2676 p'lrlogisti
1269 2569 1414 2672 excessu,

501 2679 599 2756 haud
614 2681 800 2754 immerito
818 2675 1015 2779 suspeslam
1035 2674 1141 2774 facit,
1168 2679 1205 2755 az
1225 2703 1328 2756 nova
1347 2677 1415 2755 sor·

499 2797 539 2862 te
555 2787 804 2880 experimenta
825 2779 1017 2880 aliquando
1030 2776 1150 2853 falsam
1169 2777 1373 2859 ostendent.

494 2913 503 2928 ·
578 2886 627 2978 C)
647 2886 790 2959 nens
824 2889 933 2962 uitalis
965 2885 1013 2960 od
1042 2887 1111 2961 osio
1133 2879 1286 2987 'corpora
1312 2887 1415 2962 resciso

497 2993 575 3090 jam
606 2983 860 3063 consideretur
891 3001 1050 3092 oportet.
1095 2986 1208 3062 'Nulla
1227 2990 1416 3068 'haslenus

499 3107 590 3171 nota
612 3089 665 3167 ell
689 3094 861 3186 materia,
902 3095 942 3166 in
971 3109 1079 3190 quam
1100 3092 1288 3190 promtius
1308 3089 1417 3169 effica-

497 3201 655 3296 ciusque
685 3209 768 3295 agat
788 3207 853 3269 ae'r
881 3197 1023 3288 vitalio,
1062 3193 1169 3292 quam
1190 3220 1271 3298 quae
1298 3207 1357 3274 aii
1374 3199 1417 3270 ni·

500 3295 608 3406 irofiet
628 3298 736 3374 audit.
801 3297 926 3374 Prirno
955 3297 1136 3397 namque,
1152 3321 1245 3402 ¹quo
1271 3297 1309 3377 se
1330 3304 1417 3376 invi·

502 3427 587 3479 cem
623 3414 780 3502 tangunt
816 3402 1028 3486 momento,
1069 3416 1146 3477 tota
1189 3399 1300 3478 massa
1331 3396 1418 3505 quast

495 3503 651 3602 fremit,
690 3501 860 3601 rufescit,
893 3501 1134 3580 incalescit&
1157 3507 1339 3585 volumen
1358 3509 1418 3582 mi·

500 3607 607 3685 scelae
628 3607 870 3682 contrahitur.
921 3605 979 3682 De
1006 3603 1110 3712 causa
1124 3609 1259 3711 ho‘runr
1274 3611 1417 3714 phaeno·

496 3727 698 3788 ‘menorum
712 3709 882 3786 nondum
905 3716 1138 3789 conveniunt
1163 3727 1303 3789 nature
1326 3711 1418 3790 scru-

456 3877 465 3894 .
497 3825 649 3891 totores.
715 3814 809 3888 Duae
838 3823 962 3890 tamen
993 3813 1193 3913 prevalent
1214 3823 1418 3919 opiniones,

497 3937 657 4018 ¹quarum
671 3912 840 3992 alterutra
856 3915 1095 4020 probabiliter
1109 3942 1198 3994 vera
1221 3925 1303 3997 erit.
1353 3915 1419 3995 Ce-

495 4018 574 4098 reb.
623 4019 801 4098 meurr
820 4027 870 4099 ita
891 4021 1087 4128 explicavit
1093 4014 1154 4132 f).
1206 4023 1310 4105 Aere
1328 4019 1418 4100 vitali

515 4167 521 4175 ·
593 4150 620 4167 ¹·
807 4172 809 4177 ·
860 4147 861 4154 ’
1272 4201 1276 4210 ,
1317 4127 1418 4231 phlo-

534 4253 577 4346 s)
592 4253 674 4360 ssi}-
697 4232 811 4321 Trans.
823 4227 926 4343 tm·
