3342 5317
495 639 571 747 338
632 618 713 741 ⁸De
730 617 1056 716 Amulllonlbas
1076 621 1286 718 Elelllvln

577 834 620 929 8)
640 823 831 932 Arorrpa
854 851 967 930 pern,
1008 826 1045 904 h.
1071 852 1103 908 e.
1128 843 1224 906 terra
1254 831 1426 912 alundnis

496 937 539 1012 ln
568 953 661 1034 aqua
694 927 848 1008 allubna
880 929 999 1030 probe
1037 927 1174 1032 digesta
1210 934 1248 1012 δι
1283 943 1426 1038 optime

498 1035 586 1115 dein
609 1031 694 1111 lota.
742 1032 803 1109 Dc
836 1037 1122 1135 precipitatione
1152 1033 1324 1116 aluminis
1381 1063 1425 1116 er

496 1147 671 1236 rincum,
695 1133 836 1216 ferrum
851 1137 889 1215 &
911 1139 1091 1214 nonnulla
1109 1141 1178 1216 alia
1191 1143 1334 1218 metalla
1351 1067 1428 1218 dif-

496 1239 668 1324 ficienter
686 1260 792 1320 antea
806 1247 902 1344 egi(
938 1301 945 1318 .
968 1237 1051 1336 Vl).
1103 1243 1285 1322 Ceterum
1305 1249 1429 1324 calces

497 1347 684 1430 metallice
697 1344 831 1422 eodem
853 1369 873 1421 a
953 1351 1047 1424 'tatis
1066 1347 1181 1444 gradu
1202 1371 1247 1428 ac
1265 1351 1428 1448 argilla'a

497 1449 694 1534 menstruls
712 1447 828 1527 acidis
845 1445 977 1550 suscipi
999 1449 1191 1549 uidentur,
1230 1450 1346 1530 saltim
1368 1459 1430 1530 vi-

495 1555 651 1638 triolum
672 1558 779 1656 cupri
796 1575 871 1657 ope
894 1553 1028 1650 argilloe
1048 1553 1325 1657 decomponere
1345 1555 1427 1632 fru-

496 1659 746 1738 mareotam,
778 1656 956 1761 &cupro
983 1657 1164 1735 calcinato
1185 1656 1342 1738 viciffim
1364 1657 1428 1739 so-

495 1765 593 1844 lutio
606 1759 753 1865 quidem
768 1759 938 1838 aluminis
957 1767 1111 1864 tingitur
1123 1761 1162 1839 δι
1178 1759 1425 1842 sedimentum

495 1867 621 1948 album
635 1863 853 1966 deponitur,
875 1861 935 1940 sed
949 1859 1100 1943 effecius
1113 1863 1180 1944 soli
1193 1863 1349 1946 debetur
1360 1894 1424 1946 cx·

496 1965 609 2054 celici
623 1967 752 2068 acido,
773 1984 816 2045 ut
834 1984 943 2046 antea
962 1969 1151 2074 explicavi

512 2216 518 2243 .
573 2177 693 2278 9⁰²3)
717 2169 831 2254 cmx
859 2175 1017 2254 metallico
1042 2175 1146 2254 hunc
1170 2172 1269 2252 sorte
1294 2176 1425 2256 locum

493 2299 630 2364 tuetur.
653 2281 696 2356 ln
712 2277 890 2356 omnibus
905 2277 1160 2358 auradlionum
1172 2278 1325 2378 tabulis,
1339 2305 1423 2382 quae
1517 2333 1518 2386 p

492 2385 672 2464 hedenus
691 2381 796 2460 editc
816 2379 989 2480 bierunt,
1017 2390 1136 2462 immo
1160 2389 1201 2460 in
1221 2408 1324 2461 nova
1347 2387 1424 2482 illa,

491 2516 516 2568 a
531 2484 894 2591 meiploann01775
912 2487 1117 2590 divulgata,
1141 2487 1287 2564 metalla
1299 2494 1342 2564 in
1354 2512 1424 2566 co-

491 2593 633 2670 lumnia
657 2591 848 2668 acidorum
871 2607 1180 2694 comparuerunt,
1203 2589 1265 2667 scd
1287 2593 1424 2670 haere

387 2745 391 2750 ·
493 2697 629 2774 melius
649 2689 844 2793 pendrata,
882 2695 1011 2770 eadem
1030 2699 1104 2793 jam
1125 2695 1327 2772 excludere
1354 2721 1426 2774 co·

340 2863 348 2876 .
493 2823 578 2902 gor.
628 2795 733 2896 Quin
750 2798 830 2874 haec
851 2819 1011 2898 corpora
1031 2797 1077 2874 ab
1100 2796 1212 2874 acidis
1233 2800 1423 2876 attrahan-

492 2916 555 2980 rur
579 2901 617 2978 dr
639 2899 847 2998 solvantur,
878 2925 927 2976 nc
952 2905 1094 2978 tirones
1126 2901 1274 3002 quidem
1300 2901 1423 2980 scien·

491 3011 553 3083 tic
567 3001 682 3104 fugit,
707 3001 790 3100 sed,
815 3005 917 3105 quod
931 3001 1047 3104 probe
1063 3001 1115 3082 est
1132 3002 1422 3105 observandum,

433 3111 438 3118 “
491 3131 574 3186 non
604 3115 749 3207 integra
777 3107 815 3184 br
852 3109 1033 3208 completa
1075 3105 1270 3186 menstruis
1307 3108 1423 3187 iusci-
1516 3141 1517 3148 ¹

490 3217 664 3314 piuntur,
688 3218 743 3286 uri
756 3211 938 3287 creditum
956 3209 1035 3287 luit.
1059 3210 1154 3286 Aliae
1169 3237 1333 3312 namque
1345 3222 1424 3291 aci·
1516 3255 1517 3292 l

490 3313 529 3391 di
546 3315 729 3418 particule
749 3311 974 3414 superfluum
994 3312 1167 3392 auferunt
1189 3313 1421 3417 phlogillbn,
1516 3309 1517 3336 ¹

489 3419 568 3494 aliae
591 3422 810 3496 calcinatum
834 3417 991 3496 solvunt.
1043 3419 1144 3494 Dum
1169 3424 1282 3516 igitur
1305 3431 1422 3502 muti·

391 3578 395 3587 .
487 3522 561 3598 lara
585 3525 622 3600 dr
648 3547 719 3623 qua
742 3545 913 3621 magnam
932 3537 1071 3622 partem
1091 3523 1208 3599 altero
1230 3530 1420 3626 principio

487 3622 637 3724 spoliata
655 3621 847 3702 menstruo
866 3625 1067 3722 inhoerent,
1094 3625 1264 3704 conditio
1283 3651 1422 3706 evane-
1515 3711 1516 3720 χ

414 3781 420 3792 ·
486 3725 577 3822 scit,
601 3726 666 3806 sub
686 3753 757 3829 qua
775 3727 1052 3806 attradlionibus
1072 3723 1296 3829 simplicibus
1324 3755 1420 3831 ope-

486 3839 582 3908 rario
599 3833 833 3910 adnumerari
847 3829 978 3932 potell.
1009 3831 1322 3934 Praecipitationes
1336 3861 1420 3913 me·

486 3936 659 4010 tallorum
679 3959 746 4036 per
769 3937 911 4010 metalla
928 3934 1122 4036 hucusque
1147 3937 1243 4013 male
1260 3934 1419 4018 fuerunt

484 4037 689 4114 intelleclae.
747 4038 850 4115 Dum
870 4037 1037 4139 pluribus
1057 4038 1194 4116 abhinc
1209 4048 1319 4119 annis
1338 4050 1416 4144 pri·

483 4163 589 4218 mum
612 4139 851 4224 observarem
875 4143 1049 4222 ordinem
1078 4142 1316 4223 metallorum
1341 4172 1414 4249 pro

1284 4257 1411 4329 omni·
