3342 5317
274 690 278 704 .
320 732 322 738 Ι
426 620 495 714 Da
522 616 850 738 ‘Aardffiouibur
878 618 1083 716 Elaliiur'r.
1137 651 1219 758 ‚403
1268 579 1271 586 .

291 829 335 906 iu
370 825 586 928 compositis
615 851 695 904 oon
731 849 934 926 numquam
975 829 1224 928 proprietates¹

290 936 545 1033 reperiantur,
565 954 645 1030 quae
669 929 762 1006 nulli
786 929 1006 1027 ingredienti
1031 936 1214 1032 principio

290 1053 521 1134 competunt.
574 1033 643 1115 Sed
667 1040 707 1108 in
733 1027 863 1110 nostro
893 1033 978 1110 casu.
1009 1034 1087 1110 haec
1109 1033 1219 1126 nuda
1279 1074 1281 1079 ·

293 1130 505 1239 possibilitas
548 1136 717 1225 nondum
754 1136 832 1211 ullo
878 1133 1029 1212 fulcitur
1071 1143 1217 1238 expeti·

290 1260 447 1335 meum,
472 1246 550 1342 qim
582 1237 784 1322 distinctam
808 1239 1013 1316 aciditatem
1045 1239 1218 1342 phlogisti

294 1343 488 1429 connubio
520 1361 641 1420 ortam
670 1342 888 1420 luculenter·
907 1349 1109 1420 evincitur..
1151 1344 1221 1421 Po·
1305 1431 1306 1446 Ν

288 1441 426 1525 sterior
456 1445 611 1523 adsertio
648 1445 882 1548 sequentihus
913 1444 949 1522 se
981 1447 1219 1546 commendat

289 1557 528 1653 argumentis.
578 1549 736 1647 Scilicet,
760 1547 849 1642 teste
872 1557 1119 1652 experientia,
1144 1545 1219 1630 aci·

289 1649 383 1756 dum
421 1649 601 1730 nitrosum
647 1649 857 1756 phlogiston
897 1677 1071 1756 perquam
1110 1653 1220 1732 avide

290 1762 437 1856 arripit,
460 1781 507 1832 eo
539 1755 696 1832 multum
725 1753 951 1852 debilitatur,
985 1755 1220 1858 tandemque,

289 1861 491 1959 adjuvante
530 1876 629 1935 certa
666 1865 839 1960 materie
862 1861 994 1938 caloris
1026 1867 1220 1962 portione,
1325 1939 1328 1942 .

291 1975 438 2041 aeream
453 1960 615 2062 adquirit·
628 1959 810 2062 sormam,
823 1977 827 1987 '
842 1963 987 2043 acidum
1016 1972 1107 2042 nitri
1129 1972 1220 2044 a'e‘ri·

289 2064 416 2144 forme
431 2067 628 2143 exhibens:
650 2071 783 2165 majori
807 2065 978 2168 phlogisti
997 2063 1073 2144 dos1
1095 2070 1219 2170 prodit

290 2180 355 2248 a'e‘r
388 2166 569 2267 nitrosus,
600 2167 744 2250 acidum
777 2178 984 2262 continens,
1007 2168 1220 2270 saturatum,

289 2298 425 2352 nonne
444 2279 558 2372 igitur
582 2273 754 2350 uberiore
778 2274 839 2350 vel
860 2273 1131 2374 inflammabili,
1159 2273 1221 2356 uel
1247 2363 1254 2376 κ

289 2378 418 2466 calore
458 2371 652 2478 specifico,
695 2375 817 2476 quod-
839 2395 1082 2477 augmentum
1125 2391 1222 2481 pont

290 2479 392 2557 deris
414 2478 558 2576 suadet,
580 2481 642 2555 vel
672 2495 831 2580 utroque
863 2475 987 2565 simul,
1016 2505 1119 2558 noua
1145 2489 1221 2558 ori·
1270 2523 1275 2534 ·

288 2591 324 2663 ri
364 2595 474 2680 queat
510 2589 686 2678 variatio,
733 2589 806 2660 a‘e‘ri
846 2587 945 2663 vitali
984 2579 1222 2684 congruens?

290 2679 538 2766 Difficultatcs
578 2704 701 2765 tamen
727 2686 824 2763 hano
864 2713 1012 2790 quoque
1046 2704 1223 2792 premunt

289 2795 536 2894 opinionem,
560 2796 601 2866 in
625 2788 858 2967 sepuontibus
881 2789 1141 2870 memorandae.
1166 2791 1222 2868 lna

251 2948 255 2954 ·
289 2887 416 2988 terea,
460 2890 562 2969 hisee
606 2899 733 2996 portis
774 2907 849 2970 unt
894 2921 979 2972 cum
1024 2889 1224 2998 hypothest

291 2993 509 3092 Scheeliana
539 2997 585 3073 de
626 3021 712 3073 com
741 2990 900 3076 ositione
932 2999 1084 3094 caloris,
1123 2996 1224 3076 haud

287 3109 420 3200 inepte
455 3099 638 3196 explicari
658 3021 806 3200 possunt
836 3103 1080 3200 phoenomena
1108 3119 1223 3179 ortus.

288 3203 439 3298 Notum
464 3197 534 3295 est,
560 3200 659 3302 quod
691 3199 836 3276 acidum
869 3207 911 3278 in
944 3210 1044 3280 nitro
1076 3199 1224 3281 fusione
1341 3274 1360 3292 ,,

289 3301 541 3412 phlogiliicari
560 3319 676 3406 queat.
702 3305 746 3381 ln
766 3309 910 3382 ratione
934 3305 1108 3406 phlogisti
1126 3307 1222 3384 audii

290 3407 518 3506 cohaerentia
532 3405 800 3484 diminuitur&
818 3407 939 3484 debita
966 3421 1072 3510 copia
1100 3418 1223 3490 omni·¹
1258 3407 1276 3438 ²

290 3540 353 3594 no.
373 3505 499 3610 cessat,
527 3508 620 3586 adeo
646 3526 687 3586 ut
710 3516 752 3588 in
777 3519 900 3588 ae‘rem
933 3515 1081 3590 vitalem
1106 3530 1225 3590 muta·

292 3637 358 3714 tus
383 3612 469 3692 aestu
501 3613 656 3718 propelli
679 3631 798 3715 queat.
857 3611 1069 3714 Phlogiston
1097 3615 1224 3692 adcre-

289 3721 402 3818 scens
437 3717 522 3794 heic
554 3743 575 3792 e
606 3717 729 3796 calore
761 3719 1041 3820 penetrante&
1075 3717 1226 3800 decom·

289 3813 416 3930 posito
442 3817 495 3898 est
515 3817 704 3920 haustum,
728 3815 921 3903 secedente
953 3838 1072 3901 autem
1106 3825 1226 3914 altero

286 3921 504 4032 principio,
530 3925 686 4004 alterum
717 3920 912 4002 liberatum
945 3951 993 4004 ex
1026 3921 1227 4029 hypothesi

291 4025 351 4128 est
375 4040 436 4106 aer
461 4031 600 4128 vitalis,
633 4034 742 4128 cujus
772 4035 885 4126 igitur
915 4038 1072 4132 copiae
1104 4033 1228 4130 diple,

289 4128 332 4230 qi
363 4130 492 4234 sonte,
520 4127 806 4316 componeqqlm
841 4132 879 4214 ὃι
913 4131 1228 4240 decomponendo

379 4256 455 4309 ,’
618 4253 623 4260 ·
765 4258 831 4314 ca
973 4267 977 4274 ¹
1104 4263 1229 4318 erum·
