3342 5317
470 695 560 794 260
606 771 610 778 .
660 687 729 786 De
749 683 971 784 Produldis
994 687 1040 784 V
1039 689 1217 793 ulcanlls.

472 922 535 980 me
574 891 698 976 uidem
712 891 1232 1000 judice,phaenomenaealcls
1248 900 1403 1002 cognita

472 919 626 1108 simplici
646 997 683 1078 dt
705 999 817 1102 plano
844 995 961 1076 modo
980 1000 1186 1104 explicant,
1214 1025 1294 1103 quae
1315 1003 1403 1093 airu

472 1113 541 1186 vix
564 1109 739 1183 extricari
754 1095 920 1204 poliunt,
943 1105 1018 1202 jam
1031 1127 1126 1183 vero
1149 1129 1294 1182 novum
1311 1129 1403 1209 pro·

474 1205 586 1308 dibre,
618 1209 725 1306 cujus
745 1211 842 1283 ratio
852 1203 1033 1285 hellenus
1047 1209 1138 1286 mihi
1159 1203 1314 1287 obscura
1339 1207 1401 1287 est.

473 1311 552 1392 Diu
568 1333 702 1414 nempe
719 1305 914 1388 observavi
934 1325 1094 1410 cretam,
1120 1312 1182 1390 vel
1203 1312 1403 1413 quamlibet

474 1417 614 1496 calcem
647 1423 824 1510 atratam',
855 1408 953 1512 justo
980 1413 1117 1496 diutius
1136 1413 1273 1514 ullam,
1312 1441 1403 1497 cum

474 1543 569 1622 aqua
581 1511 825 1598 incalescendi
837 1511 1049 1596 facultatem
1060 1524 1206 1622 penitus
1219 1527 1402 1638 amittere,

474 1623 513 1704 dt
528 1625 643 1720 hane,
669 1643 750 1724 quae
763 1637 910 1700 mortua
925 1627 1056 1700 vocari
1068 1621 1210 1726 potest,
1232 1623 1401 1702 eamdem
1421 1690 1425 1696 .

474 1751 572 1832 ogre
600 1747 841 1826 recuperare,
873 1729 1042 1826 quamvis
1062 1742 1225 1806 extortas
1248 1735 1402 1833 recipiat

473 1853 577 1934 aquae
600 1826 769 1929 acidique
790 1833 891 1905 airei
916 1834 1155 1931 quantitates,
1192 1855 1282 1931 quas
1315 1825 1401 1910 ante

472 1941 631 2042 primam
656 1926 806 2009 tenebat
835 1928 1028 2010 ustionem.
1077 1935 1207 2012 Parvis
1238 1933 1401 2015 frustulis

442 2061 443 2071 ¹
472 2041 677 2116 tentamina
700 2030 933 2112 instituantur
963 2053 1131 2139 oportet,
1159 2041 1294 2141 quippe
1319 2063 1401 2142 quoe

472 2137 616 2220 facilius
639 2137 683 2216 ad
704 2143 835 2214 incitas
856 2138 1081 2242 rediguntur.
1132 2139 1309 2224 Videmus
1330 2149 1401 2246 igi·

473 2259 537 2324 tur
558 2237 757 2345 quamlibet
778 2242 916 2320 calcem
936 2255 1093 2321 aeratam
1111 2268 1177 2347 per
1199 2261 1315 2329 artem
1340 2248 1401 2334 illa

472 2344 578 2426 indui
593 2341 694 2450 polle
708 2341 856 2445 indole,
879 2369 991 2449 quam
1006 2343 1187 2428 Carolina
1206 2374 1273 2454 per
1294 2354 1399 2465 natuss¹

473 2475 553 2532 ram
578 2441 781 2552 adquisivit.
1252 2527 1257 2533 .

552 2655 629 2732 Sua
650 2651 725 2758 ipsa
740 2649 1013 2733 ustionevalde
1034 2659 1265 2738 contrahitur
1293 2657 1399 2736 volu-

470 2753 579 2848 men,
604 2753 682 2834 sine
698 2757 812 2837 dubio
828 2783 879 2834 ex
901 2755 1080 2841 diminuta
1096 2769 1268 2861 materia,
1289 2768 1399 2862 cujus

311 2883 316 2906 ·
468 2857 549 2940 fere
570 2859 763 2942 dimidium
789 2867 830 2938 in
851 2885 955 2939 auras
975 2863 1142 2964 abigitur.
1206 2866 1307 2944 Num
1327 2873 1398 2968 igi·

469 2980 530 3043 tur
548 2969 634 3068 pori
658 2970 708 3042 ita
736 2961 885 3042 tandem
914 2967 1169 3067 coardientur,
1203 2986 1244 3048 ut
1264 2995 1398 3074 aquam

466 3065 663 3148 tardiffime
681 3073 945 3168 intromittant,
968 3069 1069 3148 unde
1088 3073 1192 3150 calor
1214 3075 1396 3154 atttallio·

465 3173 720 3278 neyinhaerens
741 3196 821 3249 non
851 3166 974 3271 fimui,
995 3170 1058 3256 sed
1071 3185 1148 3279 ‘per
1172 3175 1397 3257 inlenfibiles

462 3275 598 3380 gradus
630 3268 844 3382 expellitur?
895 3276 986 3374 Sed,
1006 3272 1034 3354 st
1058 3285 1125 3379 ita,
1157 3305 1237 3358 non
1265 3282 1400 3382 video,

439 3471 440 3474 Ἴ
463 3387 573 3458 turni
594 3381 675 3460 calx
698 3385 852 3458 nimium
867 3376 960 3472 usta,
993 3378 1045 3458 ast
1064 3382 1149 3461 dein
1168 3383 1262 3483 julla
1289 3409 1395 3488 aquae
1521 3380 1522 3397 ¹

462 3483 632 3587 acidique
661 3489 757 3561 aerei
782 3475 861 3559 doli
883 3481 1068 3585 restituta,
1100 3483 1242 3569 solitam
1262 3491 1396 3568 incale-

459 3585 585 3666 scendi
611 3581 820 3666 facultatem
850 3587 1001 3666 modica
1035 3589 1182 3670 ustione
1213 3592 1394 3695 adquirat.

461 3689 584 3770 Elater
616 3690 766 3794 quidem
798 3686 909 3783 semel
947 3699 1057 3774 nimis
1087 3694 1209 3777 tensus
1240 3695 1397 3800 pristina

459 3791 684 3875 flexibilitate
707 3802 896 3898 privatur,
921 3795 997 3874 hoc
1023 3817 1145 3876 autem
1171 3826 1193 3878 a
1222 3802 1283 3880 tali
1309 3827 1392 3887 me·,·

458 3885 648 3977 chanismo
671 3898 825 4001 pendet,
861 3902 979 4002 qualis
1004 3906 1045 3981 in
1066 3899 1197 3982 nostro
1219 3902 1304 3983 casu
1324 3911 1394 3984 uix
1520 3940 1521 3949 Ν

454 3999 583 4080 locum
601 3999 737 4081 habere
750 3997 878 4106 potest.
929 4004 1048 4102 Quod
1071 4008 1203 4110 piures
1218 4011 1401 4089 molecu-

453 4103 496 4183 iae
517 4105 685 4214 calcareae
704 4113 802 4210 ignis
826 4107 962 4193 diutini
983 4107 1209 4202 intensiore,
1241 4120 1284 4190 in
1313 4121 1391 4218 pri-

451 4214 525 4318 mir
545 4207 666 4346 subito
691 4209 881 4341 alitilia,¹
915 4207 1071 4340 lusionis
1096 4212 1178 4303 iere
1209 4225 1392 4420 moplengjq
