3342 5317
438 717 506 812 De
535 706 861 810 Attrattlo'nibts
876 699 1089 812 Elrliiur's·
1146 727 1217 840 343

294 920 591 1026 hydrargyrum,
621 920 812 1021 stannum,
847 922 1054 1002 vismutum
1068 927 1105 1004 bt
1124 933 1216 1002 anti·
1334 971 1339 982 ·

293 1033 464 1104 monium
495 1024 666 1104 instillata
696 1051 789 1127 aqua
814 1025 859 1102 ab
888 1028 997 1105 acido
1026 1031 1215 1109 vitriolico

293 1131 543 1228 divellantur,
581 1127 643 1208 sed
676 1126 780 1207 limul
807 1127 1023 1211 observetur
1054 1151 1215 1238 oportet,

291 1230 479 1336 copiosam
491 1240 652 1336 requiri,
676 1258 758 1335 quae
772 1241 932 1336 primum
942 1235 1086 1312 acidum
1099 1237 1216 1316 abun·
1355 1257 1358 1266 ’

293 1338 403 1436 dans,
443 1337 538 1416 hisce
569 1361 644 1440 prae
675 1345 807 1416 ceteris
839 1335 1078 1416 nec'ellarium
1102 1343 1139 1420 dt
1164 1342 1216 1418 la··

291 1450 377 1520 rrius
401 1441 607 1538 adherens,
640 1439 778 1540 aufert,
813 1441 904 1520 'dein
930 1443 1112 1523 mediante
1136 1449 1216 1548 plea

292 1572 450 1647 rumque
489 1549 615 1622 calore
649 1553 846 1622 maximam
887 1571 1039 1648 quoque
1082 1552 1216 1650 reliqui

290 1666 432 1756 partem
452 1647 686 1748 adgrediens,
724 1646 815 1748 julla
834 1665 928 1728 vero
950 1646 1045 1730 dosis
1067 1651 1215 1732 solutio·

291 1780 361 1835 nes
389 1777 468 1830 non
498 1752 637 1845 turbat,
679 1752 866 1832 Novimus
898 1745 1044 1834 acidum
1076 1758 1216 1836 vitrioll

291 1855 474 1960 superflua
501 1881 593 1956 aqua
631 1855 843 1934 ebulliendo
875 1855 1037 1959 perfecie
1069 1858 1215 1961 spoliari

291 1987 373 2062 non
393 1957 511 2062 polle,
534 1958 595 2036 sed
616 1962 710 2036 ultra
730 1957 821 2056 ,isui
841 1961 1019 2080 ppnderis
1042 1970 1215 2062 retinere,

292 2091 373 2168 quae
386 2063 472 2142 ideo
492 2070 534 2139 in
552 2061 799 2159 solutionibus
810 2065 1004 2144 metallicis
1017 2072 1216 2145 minimum

290 2193 394 2270 aquae
407 2163 571 2266 pollibile
587 2163 709 2244 efficit.
760 2165 939 2248 Ceterum
954 2168 1104 2270 copiosa
1122 2174 1218 2270 aqua
1308 2237 1312 2242 .

290 2275 330 2352 bt
351 2269 551 2350 sufficiente
570 2296 675 2349 mora
698 2268 796 2348 forte
817 2277 943 2348 omnia
968 2270 1104 2350 destrui
1125 2293 1215 2380 pos,

292 2375 381 2453 sunt
415 2379 584 2465 vitriola',
630 2400 705 2476 quo
743 2380 784 2450 in
830 2371 913 2450 calu
955 2376 1046 2456 alius
1091 2374 1215 2463 eidem

291 2477 534 2582 addgnandus
564 2475 617 2555 est
641 2480 766 2578 locus,
795 2473 863 2554 nisr
895 2483 963 2558 alia
995 2477 1099 2558 causa
1125 2473 1215 2560 tunc

264 2579 504 2685 -fimulagat
542 2622 575 2638 ··
657 2625 662 2632 =

299 2866 305 2875 ,
366 2783 1217 2891 25')Puronrsroutandemagmencltudit‚cui

291 2908 419 2971 tamen
431 2902 683 2971 recentiorum
695 2896 859 2996 plerique
873 2900 1031 2994 primurn
1047 2893 1220 2986 tribuunt

291 2997 432 3095 locum,
448 2995 499 3074 ast
513 2995 690 3078 hactenus
705 2998 797 3074 mihi
808 2999 954 3076 nullum
970 3003 1139 3076 innotuit.
1151 3023 1216 3072 ex·

289 3111 554 3206 perimentum,
581 3126 629 3176 ex
642 3125 716 3200 quo
732 3117 815 3178 turo
834 3102 1052 3204 colligatur,
1069 3101 1214 3201 phlogi-

291 3206 375 3285 ston
391 3212 448 3282 via
463 3203 663 3280 humida&
680 3203 895 3279 attradbione
907 3203 1000 3280 acidi
1017 3201 1215 3303 decompo-

291 3335 385 3390 nere
399 3305 498 3414 polle
511 3307 572 3382 vel
585 3303 674 3384 sales
688 3307 892 3403 neutrales,
906 3305 968 3382 vel
984 3303 1126 3382 medios
1145 3287 1217 3380 ter)

276 3412 443 3510 relltes,
469 3415 532 3488 vel
545 3409 702 3510 denique
723 3411 940 3485 metallicos.
964 3407 1120 3486 Portlte'r
1133 3413 1215 3508 qui-

290 3518 377 3598 dem
389 3516 580 3596 attrahitur
590 3513 636 3592 ab
647 3512 753 3590 acido
768 3513 920 3610 vitrioli,
943 3517 999 3588 uti
1011 3508 1133 3588 fuscus
1147 3522 1216 3587 coa·

289 3627 354 3707 lor
367 3618 557 3717 monstrat,
582 3642 694 3718 quem
708 3616 769 3694 vel
782 3621 933 3694 minima
948 3611 1062 3694 oleoli
1076 3619 1218 3716 portiot

290 3752 341 3810 ne
355 3725 553 3819 contrahit,
576 3717 653 3800 five
666 3722 747 3798 haec
762 3714 806 3796 fit
819 3717 1028 3822 segregata,
1044 3716 1122 3795 live
1134 3713 1220 3796 aliid

290 3828 512 3930 corporibus
535 3833 666 3906 intime
696 3849 888 3924 connexa,
922 3827 1071 3901 interim
1090 3831 1222 3900 tamen·

289 3931 472 4012 sufficiens
494 3957 587 4032 aqua
605 3931 643 4007 δι
661 3929 737 4007 hoc
754 3933 1074 4034 inquinamentum
1096 3932 1215 4026 impe·

291 4039 368 4134 dit,
393 4033 585 4114 &dudum
600 4039 832 4130 immixtum,
857 4029 1002 4136 separat.
1038 4031 1216 4108 Praeterea

290 4140 440 4232 acidum·
453 4136 708 4235 hocce,‘licet
723 4131 1116 4234 concentratillrmum,
1142 4157 1223 4242 can,

291 4246 438 4324 bonum
461 4237 673 4348 phlogilion
699 4263 781 4321 non
799 4242 968 4422 aYttingit,
1006 4235 1074 4320 nist
1099 4235 1217 4316 medi-

385 4387 392 4394 ·
859 4368 879 4438 3
1068 4431 1075 4442 ,
1104 4355 1221 4428 ,ante
