<?xml version="1.0" encoding="UTF-8"?>
<!DOCTYPE html PUBLIC "-//W3C//DTD XHTML 1.0 Transitional//EN"
    "http://www.w3.org/TR/xhtml1/DTD/xhtml1-transitional.dtd">
<html xmlns="http://www.w3.org/1999/xhtml" xml:lang="en" lang="en">
 <head>
  <title>
</title>
<meta http-equiv="Content-Type" content="text/html;charset=utf-8" />
  <meta name='ocr-system' content='tesseract 3.04.00' />
  <meta name='ocr-capabilities' content='ocr_page ocr_carea ocr_par ocr_line ocrx_word'/>
</head>
<body>
  <div class='ocr_page' id='page_1' title='image "./opusculaphysica00berggoog/opusculaphysica00berggoog_0324.png"; bbox 0 0 3342 5317; ppageno 0'>
   <div class='ocr_carea' id='block_1_1' title="bbox 506 679 1302 805">
    <p class='ocr_par' dir='ltr' id='par_1_1' title="bbox 506 679 1302 805">
     <span class='ocr_line' id='line_1_1' title="bbox 506 679 1302 805; baseline -0.005 -25"><span class='ocrx_word' id='word_1_1' title='bbox 506 716 585 805; x_wconf 75' lang='lat'>32²</span> <span class='ocrx_word' id='word_1_2' title='bbox 643 683 713 778; x_wconf 81' lang='lat' dir='ltr'>De</span> <span class='ocrx_word' id='word_1_3' title='bbox 746 679 1070 778; x_wconf 73' lang='lat' dir='ltr'>Atirodit‘onidus</span> <span class='ocrx_word' id='word_1_4' title='bbox 1096 679 1302 780; x_wconf 65' lang='lat' dir='ltr'>Eleddt&#39;vt&#39;s.</span> 
     </span>
    </p>
   </div>
   <div class='ocr_carea' id='block_1_2' title="bbox 394 885 1456 4398">
    <p class='ocr_par' dir='ltr' id='par_1_2' title="bbox 423 885 1448 2338">
     <span class='ocr_line' id='line_1_2' title="bbox 517 885 1431 994; baseline -0.003 -24"><span class='ocrx_word' id='word_1_5' title='bbox 517 892 614 972; x_wconf 72' lang='lat' dir='ltr'>deria</span> <span class='ocrx_word' id='word_1_6' title='bbox 638 887 771 990; x_wconf 74' lang='lat' dir='ltr'>audite,</span> <span class='ocrx_word' id='word_1_7' title='bbox 799 885 904 967; x_wconf 81' lang='lat' dir='ltr'>srccoe</span> <span class='ocrx_word' id='word_1_8' title='bbox 927 906 1080 972; x_wconf 86' lang='lat' dir='ltr'>manent</span> <span class='ocrx_word' id='word_1_9' title='bbox 1108 895 1292 994; x_wconf 81' lang='lat' dir='ltr'>¹quamuis</span> <span class='ocrx_word' id='word_1_10' title='bbox 1311 888 1431 970; x_wconf 69' lang='lat' dir='ltr'>&#39;acidaea</span> 
     </span>
     <span class='ocr_line' id='line_1_3' title="bbox 423 990 1434 1098; baseline -0.004 -26"><span class='ocrx_word' id='word_1_11' title='bbox 423 1073 431 1096; x_wconf 61' lang='grc'>,</span> <span class='ocrx_word' id='word_1_12' title='bbox 517 997 602 1074; x_wconf 87' lang='lat' dir='ltr'>Plus</span> <span class='ocrx_word' id='word_1_13' title='bbox 640 991 733 1073; x_wconf 83' lang='lat' dir='ltr'>acidi</span> <span class='ocrx_word' id='word_1_14' title='bbox 771 990 881 1071; x_wconf 82' lang='lat' dir='ltr'>satem</span> <span class='ocrx_word' id='word_1_15' title='bbox 922 994 1050 1098; x_wconf 88' lang='lat' dir='ltr'>deliqu</span> <span class='ocrx_word' id='word_1_16' title='bbox 1086 1015 1232 1074; x_wconf 85' lang='lat' dir='ltr'>centem</span> <span class='ocrx_word' id='word_1_17' title='bbox 1275 1013 1434 1098; x_wconf 81' lang='lat' dir='ltr'>generat.</span> 
     </span>
     <span class='ocr_line' id='line_1_4' title="bbox 517 1093 1435 1199; baseline 0.002 -23"><span class='ocrx_word' id='word_1_18' title='bbox 517 1093 690 1176; x_wconf 76' lang='lat' dir='ltr'>Excessus</span> <span class='ocrx_word' id='word_1_19' title='bbox 718 1096 842 1175; x_wconf 87' lang='lat' dir='ltr'>acidus</span> <span class='ocrx_word' id='word_1_20' title='bbox 862 1093 1075 1177; x_wconf 85' lang='lat' dir='ltr'>destillando</span> <span class='ocrx_word' id='word_1_21' title='bbox 1106 1105 1148 1176; x_wconf 89' lang='lat' dir='ltr'>in</span> <span class='ocrx_word' id='word_1_22' title='bbox 1171 1113 1310 1178; x_wconf 83' lang='lat' dir='ltr'>retorta</span> <span class='ocrx_word' id='word_1_23' title='bbox 1343 1121 1435 1199; x_wconf 72' lang='lat' dir='ltr'>egre</span> 
     </span>
     <span class='ocr_line' id='line_1_5' title="bbox 520 1202 1436 1300; baseline -0.004 -16"><span class='ocrx_word' id='word_1_24' title='bbox 520 1223 621 1283; x_wconf 88' lang='lat' dir='ltr'>totus</span> <span class='ocrx_word' id='word_1_25' title='bbox 644 1202 819 1300; x_wconf 83' lang='lat' dir='ltr'>abigitur,</span> <span class='ocrx_word' id='word_1_26' title='bbox 849 1205 890 1278; x_wconf 88' lang='lat' dir='ltr'>in</span> <span class='ocrx_word' id='word_1_27' title='bbox 912 1202 1107 1281; x_wconf 83' lang='lat' dir='ltr'>crucibulo</span> <span class='ocrx_word' id='word_1_28' title='bbox 1125 1203 1257 1281; x_wconf 87' lang='lat' dir='ltr'>melius</span> <span class='ocrx_word' id='word_1_29' title='bbox 1279 1203 1436 1280; x_wconf 82' lang='lat' dir='ltr'>funden·</span> 
     </span>
     <span class='ocr_line' id='line_1_6' title="bbox 522 1301 1437 1408; baseline -0.001 -23"><span class='ocrx_word' id='word_1_30' title='bbox 522 1307 572 1385; x_wconf 92' lang='lat' dir='ltr'>do</span> <span class='ocrx_word' id='word_1_31' title='bbox 594 1301 679 1383; x_wconf 80' lang='lat' dir='ltr'>finis</span> <span class='ocrx_word' id='word_1_32' title='bbox 700 1304 898 1383; x_wconf 83' lang='lat' dir='ltr'><strong>obtinetur.</strong></span> <span class='ocrx_word' id='word_1_33' title='bbox 959 1307 1098 1384; x_wconf 73' lang='lat' dir='ltr'>lt&#39;cratae</span> <span class='ocrx_word' id='word_1_34' title='bbox 1121 1305 1437 1408; x_wconf 80' lang='lat' dir='ltr'>cryitaiiisariones</span> 
     </span>
     <span class='ocr_line' id='line_1_7' title="bbox 519 1406 1437 1512; baseline -0.002 -21"><span class='ocrx_word' id='word_1_35' title='bbox 519 1438 601 1491; x_wconf 85' lang='lat' dir='ltr'>non</span> <span class='ocrx_word' id='word_1_36' title='bbox 622 1411 758 1486; x_wconf 86' lang='lat' dir='ltr'>valent.</span> <span class='ocrx_word' id='word_1_37' title='bbox 808 1409 933 1486; x_wconf 75' lang='lat' dir='ltr'>Plures</span> <span class='ocrx_word' id='word_1_38' title='bbox 954 1433 1040 1488; x_wconf 87' lang='lat' dir='ltr'>curn</span> <span class='ocrx_word' id='word_1_39' title='bbox 1063 1408 1191 1512; x_wconf 87' lang='lat' dir='ltr'>spiritu</span> <span class='ocrx_word' id='word_1_40' title='bbox 1207 1417 1287 1488; x_wconf 75' lang='lat' dir='ltr'>tini</span> <span class='ocrx_word' id='word_1_41' title='bbox 1302 1406 1437 1489; x_wconf 70' lang='lat' dir='ltr'>redifi-</span> 
     </span>
     <span class='ocr_line' id='line_1_8' title="bbox 508 1511 1436 1617; baseline 0.009 -35"><span class='ocrx_word' id='word_1_42' title='bbox 508 1511 699 1596; x_wconf 83' lang='lat' dir='ltr'>catiffimo</span> <span class='ocrx_word' id='word_1_43' title='bbox 712 1513 879 1591; x_wconf 79' lang='lat' dir='ltr'>lotiones</span> <span class='ocrx_word' id='word_1_44' title='bbox 897 1519 1077 1617; x_wconf 85' lang='lat' dir='ltr'>optimum</span> <span class='ocrx_word' id='word_1_45' title='bbox 1099 1514 1263 1617; x_wconf 79' lang='lat' dir='ltr'>praebcnt</span> <span class='ocrx_word' id='word_1_46' title='bbox 1286 1513 1436 1592; x_wconf 88' lang='lat' dir='ltr'>edulco-</span> 
     </span>
     <span class='ocr_line' id='line_1_9' title="bbox 506 1615 1437 1718; baseline -0.004 -20"><span class='ocrx_word' id='word_1_47' title='bbox 506 1619 626 1698; x_wconf 85' lang='lat' dir='ltr'>&#39;randi</span> <span class='ocrx_word' id='word_1_48' title='bbox 655 1615 828 1696; x_wconf 87' lang='lat' dir='ltr'>medium.</span> <span class='ocrx_word' id='word_1_49' title='bbox 882 1619 965 1694; x_wconf 73' lang='lat' dir='ltr'>ardo</span> <span class='ocrx_word' id='word_1_50' title='bbox 986 1616 1147 1697; x_wconf 86' lang='lat' dir='ltr'>Acidum</span> <span class='ocrx_word' id='word_1_51' title='bbox 1173 1619 1316 1697; x_wconf 85' lang='lat' dir='ltr'>vitrioit</span> <span class='ocrx_word' id='word_1_52' title='bbox 1347 1615 1437 1718; x_wconf 77' lang='lat' dir='ltr'>justa</span> 
     </span>
     <span class='ocr_line' id='line_1_10' title="bbox 520 1719 1438 1826; baseline -0.003 -25"><span class='ocrx_word' id='word_1_53' title='bbox 520 1719 599 1801; x_wconf 85' lang='lat' dir='ltr'>dost</span> <span class='ocrx_word' id='word_1_54' title='bbox 629 1730 768 1803; x_wconf 85' lang='lat' dir='ltr'>nitrum</span> <span class='ocrx_word' id='word_1_55' title='bbox 804 1719 914 1824; x_wconf 82' lang='lat' dir='ltr'><strong>plene</strong></span> <span class='ocrx_word' id='word_1_56' title='bbox 942 1720 1221 1826; x_wconf 85' lang='lat' dir='ltr'>decomponcrc</span> <span class='ocrx_word' id='word_1_57' title='bbox 1250 1729 1438 1808; x_wconf 77' lang='lat' dir='ltr'>novimus,</span> 
     </span>
     <span class='ocr_line' id='line_1_11' title="bbox 520 1824 1448 1932; baseline -0.002 -28"><span class='ocrx_word' id='word_1_58' title='bbox 520 1835 633 1906; x_wconf 86' lang='lat' dir='ltr'>etiam</span> <span class='ocrx_word' id='word_1_59' title='bbox 663 1834 723 1904; x_wconf 87' lang='lat' dir='ltr'>via</span> <span class='ocrx_word' id='word_1_60' title='bbox 755 1824 926 1922; x_wconf 77' lang='lat' dir='ltr'>humidi,</span> <span class='ocrx_word' id='word_1_61' title='bbox 967 1825 1068 1902; x_wconf 84' lang='lat' dir='ltr'>unde</span> <span class='ocrx_word' id='word_1_62' title='bbox 1104 1830 1224 1927; x_wconf 83' lang='lat' dir='ltr'>major</span> <span class='ocrx_word' id='word_1_63' title='bbox 1241 1827 1448 1932; x_wconf 45' lang='lat' dir='ltr'>ejusdcm„</span> 
     </span>
     <span class='ocr_line' id='line_1_12' title="bbox 521 1927 1438 2032; baseline -0.002 -26"><span class='ocrx_word' id='word_1_64' title='bbox 521 1957 632 2032; x_wconf 71' lang='lat' dir='ltr'>quatri</span> <span class='ocrx_word' id='word_1_65' title='bbox 671 1927 765 2011; x_wconf 83' lang='lat' dir='ltr'>acidi</span> <span class='ocrx_word' id='word_1_66' title='bbox 800 1934 889 2008; x_wconf 89' lang='lat' dir='ltr'>uitri</span> <span class='ocrx_word' id='word_1_67' title='bbox 928 1929 1155 2006; x_wconf 76' lang='lat' dir='ltr'>attradiiouis</span> <span class='ocrx_word' id='word_1_68' title='bbox 1192 1933 1274 2026; x_wconf 79' lang='lat' dir='ltr'>vis,</span> <span class='ocrx_word' id='word_1_69' title='bbox 1312 1929 1438 2006; x_wconf 85' lang='lat' dir='ltr'>elucet</span> 
     </span>
     <span class='ocr_line' id='line_1_13' title="bbox 521 2029 1438 2212; baseline -0.004 -100"><span class='ocrx_word' id='word_1_70' title='bbox 521 2038 612 2112; x_wconf 88' lang='lat' dir='ltr'>Non</span> <span class='ocrx_word' id='word_1_71' title='bbox 632 2041 744 2132; x_wconf 79' lang='lat' dir='ltr'>igitur</span> <span class='ocrx_word' id='word_1_72' title='bbox 765 2031 851 2108; x_wconf 87' lang='lat' dir='ltr'>heic</span> <span class='ocrx_word' id='word_1_73' title='bbox 878 2056 972 2212; x_wconf 49' lang='lat' dir='ltr'>opus</span> <span class='ocrx_word' id='word_1_74' title='bbox 999 2029 1051 2110; x_wconf 84' lang='lat' dir='ltr'>est</span> <span class='ocrx_word' id='word_1_75' title='bbox 1080 2029 1314 2111; x_wconf 68' lang='lat' dir='ltr'>distinetione</span> <span class='ocrx_word' id='word_1_76' title='bbox 1340 2039 1438 2111; x_wconf 84' lang='lat' dir='ltr'>inter</span> 
     </span>
     <span class='ocr_line' id='line_1_14' title="bbox 503 2134 1439 2228; baseline -0.007 -8"><span class='ocrx_word' id='word_1_77' title='bbox 503 2147 621 2220; x_wconf 67' lang='lat' dir='ltr'>„viam</span> <span class='ocrx_word' id='word_1_78' title='bbox 638 2134 883 2216; x_wconf 80' lang='lat' dir='ltr'>humidarru&amp;</span> <span class='ocrx_word' id='word_1_79' title='bbox 918 2159 1046 2214; x_wconf 80' lang='lat' dir='ltr'>accam.</span> <span class='ocrx_word' id='word_1_80' title='bbox 1100 2161 1154 2228; x_wconf 73' lang='lat'>320</span> <span class='ocrx_word' id='word_1_81' title='bbox 1167 2137 1370 2214; x_wconf 86' lang='lat' dir='ltr'>Tartarum</span> <span class='ocrx_word' id='word_1_82' title='bbox 1382 2141 1439 2213; x_wconf 88' lang='lat' dir='ltr'>vi·</span> 
     </span>
     <span class='ocr_line' id='line_1_15' title="bbox 425 2237 1439 2338; baseline -0.006 -16"><span class='ocrx_word' id='word_1_83' title='bbox 425 2254 432 2268; x_wconf 82' lang='lat'>&#39;</span> <span class='ocrx_word' id='word_1_84' title='bbox 503 2249 708 2338; x_wconf 68' lang='lat' dir='ltr'>⁴triolatum</span> <span class='ocrx_word' id='word_1_85' title='bbox 730 2239 837 2316; x_wconf 90' lang='lat' dir='ltr'>acido</span> <span class='ocrx_word' id='word_1_86' title='bbox 860 2246 946 2318; x_wconf 89' lang='lat' dir='ltr'>nitri</span> <span class='ocrx_word' id='word_1_87' title='bbox 960 2237 1104 2320; x_wconf 85' lang='lat' dir='ltr'>forti&amp;</span> <span class='ocrx_word' id='word_1_88' title='bbox 1125 2238 1244 2318; x_wconf 89' lang='lat' dir='ltr'>calido</span> <span class='ocrx_word' id='word_1_89' title='bbox 1266 2238 1439 2337; x_wconf 83' lang='lat' dir='ltr'>soiutum,</span> 
     </span>
    </p>

    <p class='ocr_par' dir='ltr' id='par_1_3' title="bbox 394 2337 1456 4398">
     <span class='ocr_line' id='line_1_16' title="bbox 394 2337 1441 2448; baseline -0.006 -25"><span class='ocrx_word' id='word_1_90' title='bbox 394 2337 401 2357; x_wconf 85' lang='lat'><em>&#39;</em></span> <span class='ocrx_word' id='word_1_91' title='bbox 521 2372 593 2448; x_wconf 84' lang='lat' dir='ltr'>qua</span> <span class='ocrx_word' id='word_1_92' title='bbox 613 2351 757 2422; x_wconf 82' lang='lat' dir='ltr'>tertiam</span> <span class='ocrx_word' id='word_1_93' title='bbox 778 2361 920 2422; x_wconf 88' lang='lat' dir='ltr'>tantum</span> <span class='ocrx_word' id='word_1_94' title='bbox 941 2360 1103 2448; x_wconf 86' lang='lat' dir='ltr'>partem,</span> <span class='ocrx_word' id='word_1_95' title='bbox 1149 2345 1211 2420; x_wconf 84' lang='lat' dir='ltr'>vel</span> <span class='ocrx_word' id='word_1_96' title='bbox 1233 2367 1363 2446; x_wconf 89' lang='lat' dir='ltr'>parurn</span> <span class='ocrx_word' id='word_1_97' title='bbox 1386 2342 1441 2418; x_wconf 86' lang='lat' dir='ltr'>ui-</span> 
     </span>
     <span class='ocr_line' id='line_1_17' title="bbox 521 2446 1442 2552; baseline -0.005 -24"><span class='ocrx_word' id='word_1_98' title='bbox 521 2466 600 2548; x_wconf 83' lang='lat' dir='ltr'>tta,</span> <span class='ocrx_word' id='word_1_99' title='bbox 629 2449 872 2550; x_wconf 88' lang='lat' dir='ltr'>decomponi‚</span> <span class='ocrx_word' id='word_1_100' title='bbox 904 2471 1140 2552; x_wconf 86' lang='lat' dir='ltr'>quaecumque</span> <span class='ocrx_word' id='word_1_101' title='bbox 1159 2447 1311 2524; x_wconf 89' lang='lat' dir='ltr'>demum</span> <span class='ocrx_word' id='word_1_102' title='bbox 1339 2446 1442 2524; x_wconf 90' lang='lat' dir='ltr'>adhi-</span> 
     </span>
     <span class='ocr_line' id='line_1_18' title="bbox 523 2546 1442 2656; baseline -0.002 -26"><span class='ocrx_word' id='word_1_103' title='bbox 523 2553 654 2630; x_wconf 88' lang='lat' dir='ltr'>beatur</span> <span class='ocrx_word' id='word_1_104' title='bbox 673 2549 767 2629; x_wconf 88' lang='lat' dir='ltr'>acidi</span> <span class='ocrx_word' id='word_1_105' title='bbox 787 2559 903 2654; x_wconf 82' lang='lat' dir='ltr'>copia</span> <span class='ocrx_word' id='word_1_106' title='bbox 959 2583 1017 2650; x_wconf 82' lang='lat'>4:0</span> <span class='ocrx_word' id='word_1_107' title='bbox 1031 2551 1112 2628; x_wconf 89' lang='lat' dir='ltr'>Nec</span> <span class='ocrx_word' id='word_1_108' title='bbox 1133 2575 1229 2656; x_wconf 87' lang='lat' dir='ltr'>opus</span> <span class='ocrx_word' id='word_1_109' title='bbox 1250 2546 1322 2628; x_wconf 78' lang='lat' dir='ltr'>effe</span> <span class='ocrx_word' id='word_1_110' title='bbox 1341 2551 1442 2628; x_wconf 88' lang='lat' dir='ltr'>calo·</span> 
     </span>
     <span class='ocr_line' id='line_1_19' title="bbox 522 2655 1442 2758; baseline -0.002 -26"><span class='ocrx_word' id='word_1_111' title='bbox 522 2682 586 2753; x_wconf 84' lang='lat' dir='ltr'>re,</span> <span class='ocrx_word' id='word_1_112' title='bbox 611 2681 681 2732; x_wconf 89' lang='lat' dir='ltr'>nec</span> <span class='ocrx_word' id='word_1_113' title='bbox 693 2655 802 2731; x_wconf 90' lang='lat' dir='ltr'>acido</span> <span class='ocrx_word' id='word_1_114' title='bbox 818 2660 905 2731; x_wconf 86' lang='lat' dir='ltr'>nitri</span> <span class='ocrx_word' id='word_1_115' title='bbox 918 2671 1180 2752; x_wconf 86' lang='lat' dir='ltr'>concentrato‚</span> <span class='ocrx_word' id='word_1_116' title='bbox 1203 2660 1343 2732; x_wconf 80' lang='lat' dir='ltr'>atenim</span> <span class='ocrx_word' id='word_1_117' title='bbox 1358 2679 1442 2758; x_wconf 90' lang='lat' dir='ltr'>por·</span> 
     </span>
     <span class='ocr_line' id='line_1_20' title="bbox 520 2757 1444 2858; baseline -0.003 -20"><span class='ocrx_word' id='word_1_118' title='bbox 520 2765 618 2838; x_wconf 87' lang='lat' dir='ltr'>tioni</span> <span class='ocrx_word' id='word_1_119' title='bbox 639 2757 784 2835; x_wconf 87' lang='lat' dir='ltr'>cuidam</span> <span class='ocrx_word' id='word_1_120' title='bbox 807 2779 900 2858; x_wconf 84' lang='lat' dir='ltr'>aqua</span> <span class='ocrx_word' id='word_1_121' title='bbox 916 2764 966 2834; x_wconf 86' lang='lat' dir='ltr'>ita</span> <span class='ocrx_word' id='word_1_122' title='bbox 983 2760 1125 2855; x_wconf 77' lang='lat' dir='ltr'>dilutae,</span> <span class='ocrx_word' id='word_1_123' title='bbox 1147 2775 1189 2840; x_wconf 88' lang='lat' dir='ltr'>ut</span> <span class='ocrx_word' id='word_1_124' title='bbox 1200 2758 1344 2834; x_wconf 86' lang='lat' dir='ltr'>nullum</span> <span class='ocrx_word' id='word_1_125' title='bbox 1358 2759 1444 2835; x_wconf 91' lang='lat' dir='ltr'>ede·</span> 
     </span>
     <span class='ocr_line' id='line_1_21' title="bbox 522 2858 1444 2963; baseline -0.002 -23"><span class='ocrx_word' id='word_1_126' title='bbox 522 2880 582 2940; x_wconf 88' lang='lat' dir='ltr'>ret</span> <span class='ocrx_word' id='word_1_127' title='bbox 619 2858 804 2958; x_wconf 82' lang='lat' dir='ltr'>fumum‚‘</span> <span class='ocrx_word' id='word_1_128' title='bbox 828 2859 948 2937; x_wconf 91' lang='lat' dir='ltr'>addidi</span> <span class='ocrx_word' id='word_1_129' title='bbox 983 2859 1132 2963; x_wconf 80' lang='lat' dir='ltr'>copiose</span> <span class='ocrx_word' id='word_1_130' title='bbox 1170 2878 1349 2938; x_wconf 83' lang='lat' dir='ltr'>tartarum</span> <span class='ocrx_word' id='word_1_131' title='bbox 1388 2868 1444 2938; x_wconf 90' lang='lat' dir='ltr'>vi·</span> 
     </span>
     <span class='ocr_line' id='line_1_22' title="bbox 520 2963 1445 3068; baseline -0.002 -24"><span class='ocrx_word' id='word_1_132' title='bbox 520 2969 710 3044; x_wconf 86' lang='lat' dir='ltr'>triolaturn</span> <span class='ocrx_word' id='word_1_133' title='bbox 729 2965 978 3068; x_wconf 83' lang='lat' dir='ltr'>pulveratum‚</span> <span class='ocrx_word' id='word_1_134' title='bbox 1004 2972 1052 3042; x_wconf 89' lang='lat' dir='ltr'>in·</span> <span class='ocrx_word' id='word_1_135' title='bbox 1066 2967 1154 3044; x_wconf 86' lang='lat' dir='ltr'>loco</span> <span class='ocrx_word' id='word_1_136' title='bbox 1172 2963 1311 3066; x_wconf 77' lang='lat' dir='ltr'>frigido</span> <span class='ocrx_word' id='word_1_137' title='bbox 1337 2989 1445 3068; x_wconf 84' lang='lat' dir='ltr'>repo·</span> 
     </span>
     <span class='ocr_line' id='line_1_23' title="bbox 519 3063 1445 3172; baseline 0 -28"><span class='ocrx_word' id='word_1_138' title='bbox 519 3067 575 3144; x_wconf 84' lang='lat' dir='ltr'>sui</span> <span class='ocrx_word' id='word_1_139' title='bbox 596 3094 663 3172; x_wconf 86' lang='lat' dir='ltr'>per</span> <span class='ocrx_word' id='word_1_140' title='bbox 687 3077 729 3157; x_wconf 81' lang='lat'>36</span> <span class='ocrx_word' id='word_1_141' title='bbox 766 3069 900 3168; x_wconf 86' lang='lat' dir='ltr'>horas,</span> <span class='ocrx_word' id='word_1_142' title='bbox 934 3067 1066 3169; x_wconf 86' lang='lat' dir='ltr'>quibus</span> <span class='ocrx_word' id='word_1_143' title='bbox 1098 3063 1227 3170; x_wconf 78' lang='lat' dir='ltr'>elapsis</span> <span class='ocrx_word' id='word_1_144' title='bbox 1258 3067 1445 3172; x_wconf 86' lang='lat' dir='ltr'>liquidum</span> 
     </span>
     <span class='ocr_line' id='line_1_24' title="bbox 520 3167 1446 3274; baseline 0 -24"><span class='ocrx_word' id='word_1_145' title='bbox 520 3171 759 3267; x_wconf 71' lang='lat' dir='ltr'>decanthatr,</span> <span class='ocrx_word' id='word_1_146' title='bbox 793 3169 994 3274; x_wconf 86' lang='lat' dir='ltr'>spirituque</span> <span class='ocrx_word' id='word_1_147' title='bbox 1029 3176 1109 3250; x_wconf 86' lang='lat' dir='ltr'>vini</span> <span class='ocrx_word' id='word_1_148' title='bbox 1142 3167 1446 3252; x_wconf 72' lang='lat' dir='ltr'>rectificatiffimo</span> 
     </span>
     <span class='ocr_line' id='line_1_25' title="bbox 505 3275 1446 3380; baseline -0.002 -26"><span class='ocrx_word' id='word_1_149' title='bbox 505 3275 646 3354; x_wconf 81' lang='lat' dir='ltr'>‘adfuso</span> <span class='ocrx_word' id='word_1_150' title='bbox 659 3281 883 3376; x_wconf 79' lang='lat' dir='ltr'>praeoipitavi</span> <span class='ocrx_word' id='word_1_151' title='bbox 901 3279 1094 3380; x_wconf 85' lang='lat' dir='ltr'>pulverem</span> <span class='ocrx_word' id='word_1_152' title='bbox 1113 3278 1259 3373; x_wconf 79' lang='lat' dir='ltr'>cibum,</span> <span class='ocrx_word' id='word_1_153' title='bbox 1284 3283 1352 3378; x_wconf 90' lang='lat' dir='ltr'>qui</span> <span class='ocrx_word' id='word_1_154' title='bbox 1367 3282 1446 3354; x_wconf 89' lang='lat' dir='ltr'>col-</span> 
     </span>
     <span class='ocr_line' id='line_1_26' title="bbox 520 3374 1446 3476; baseline -0.002 -18"><span class='ocrx_word' id='word_1_155' title='bbox 520 3380 641 3458; x_wconf 70' lang='lat' dir='ltr'>ledus</span> <span class='ocrx_word' id='word_1_156' title='bbox 661 3381 700 3458; x_wconf 71' lang='lat'>81</span> <span class='ocrx_word' id='word_1_157' title='bbox 717 3374 870 3458; x_wconf 76' lang='lat' dir='ltr'>siccatus</span> <span class='ocrx_word' id='word_1_158' title='bbox 890 3405 1023 3459; x_wconf 86' lang='lat' dir='ltr'>verum</span> <span class='ocrx_word' id='word_1_159' title='bbox 1044 3377 1115 3456; x_wconf 86' lang='lat' dir='ltr'>fuit</span> <span class='ocrx_word' id='word_1_160' title='bbox 1138 3387 1298 3476; x_wconf 89' lang='lat' dir='ltr'>nitrum,</span> <span class='ocrx_word' id='word_1_161' title='bbox 1320 3379 1362 3456; x_wconf 78' lang='lat' dir='ltr'>dr</span> <span class='ocrx_word' id='word_1_162' title='bbox 1382 3407 1446 3456; x_wconf 78' lang='lat' dir='ltr'>no</span> 
     </span>
     <span class='ocr_line' id='line_1_27' title="bbox 521 3480 1451 3585; baseline -0.002 -23"><span class='ocrx_word' id='word_1_163' title='bbox 521 3501 600 3562; x_wconf 88' lang='lat' dir='ltr'>tatu</span> <span class='ocrx_word' id='word_1_164' title='bbox 633 3480 686 3558; x_wconf 88' lang='lat' dir='ltr'>est</span> <span class='ocrx_word' id='word_1_165' title='bbox 709 3483 883 3583; x_wconf 85' lang='lat' dir='ltr'>dignum,</span> <span class='ocrx_word' id='word_1_166' title='bbox 924 3482 1026 3585; x_wconf 92' lang='lat' dir='ltr'>quod</span> <span class='ocrx_word' id='word_1_167' title='bbox 1050 3499 1208 3562; x_wconf 80' lang='lat' dir='ltr'>tartarus</span> <span class='ocrx_word' id='word_1_168' title='bbox 1238 3483 1451 3560; x_wconf 80' lang='lat' dir='ltr'>vitriolatus</span> 
     </span>
     <span class='ocr_line' id='line_1_28' title="bbox 521 3579 1450 3690; baseline -0.001 -25"><span class='ocrx_word' id='word_1_169' title='bbox 521 3615 603 3666; x_wconf 89' lang='lat' dir='ltr'>non</span> <span class='ocrx_word' id='word_1_170' title='bbox 625 3582 899 3690; x_wconf 82' lang='lat' dir='ltr'>decomposttus</span> <span class='ocrx_word' id='word_1_171' title='bbox 926 3586 1111 3664; x_wconf 79' lang='lat' dir='ltr'>mediante</span> <span class='ocrx_word' id='word_1_172' title='bbox 1130 3579 1317 3689; x_wconf 86' lang='lat' dir='ltr'>superfluo</span> <span class='ocrx_word' id='word_1_173' title='bbox 1335 3585 1450 3664; x_wconf 84' lang='lat' dir='ltr'>acido</span> 
     </span>
     <span class='ocr_line' id='line_1_29' title="bbox 523 3688 1451 3792; baseline 0.001 -24"><span class='ocrx_word' id='word_1_174' title='bbox 523 3699 573 3768; x_wconf 91' lang='lat' dir='ltr'>ita</span> <span class='ocrx_word' id='word_1_175' title='bbox 595 3688 708 3766; x_wconf 85' lang='lat' dir='ltr'>fuerit</span> <span class='ocrx_word' id='word_1_176' title='bbox 727 3689 913 3784; x_wconf 75' lang='lat' dir='ltr'>solubilis,</span> <span class='ocrx_word' id='word_1_177' title='bbox 953 3709 997 3767; x_wconf 93' lang='lat' dir='ltr'>ut</span> <span class='ocrx_word' id='word_1_178' title='bbox 1015 3688 1140 3792; x_wconf 83' lang='lat' dir='ltr'>spiritu</span> <span class='ocrx_word' id='word_1_179' title='bbox 1166 3698 1247 3768; x_wconf 89' lang='lat' dir='ltr'>vini</span> <span class='ocrx_word' id='word_1_180' title='bbox 1268 3713 1370 3788; x_wconf 76' lang='lat' dir='ltr'>oegrc</span> <span class='ocrx_word' id='word_1_181' title='bbox 1394 3688 1451 3769; x_wconf 84' lang='lat' dir='ltr'>so·</span> 
     </span>
     <span class='ocr_line' id='line_1_30' title="bbox 521 3795 1453 3894; baseline -0.002 -22"><span class='ocrx_word' id='word_1_182' title='bbox 521 3809 747 3872; x_wconf 88' lang='lat' dir='ltr'>cerneretur.</span> <span class='ocrx_word' id='word_1_183' title='bbox 808 3819 861 3888; x_wconf 76' lang='lat'>520</span> <span class='ocrx_word' id='word_1_184' title='bbox 881 3797 1081 3870; x_wconf 78' lang='lat' dir='ltr'>Tartarum</span> <span class='ocrx_word' id='word_1_185' title='bbox 1099 3795 1350 3894; x_wconf 71' lang='lat' dir='ltr'>viridam,</span> <span class='ocrx_word' id='word_1_186' title='bbox 1389 3795 1453 3893; x_wconf 77' lang='lat' dir='ltr'>ju·</span> 
     </span>
     <span class='ocr_line' id='line_1_31' title="bbox 518 3896 1453 4001; baseline 0 -25"><span class='ocrx_word' id='word_1_187' title='bbox 518 3896 572 3976; x_wconf 81' lang='lat' dir='ltr'>sta</span> <span class='ocrx_word' id='word_1_188' title='bbox 594 3896 688 3974; x_wconf 87' lang='lat' dir='ltr'>acidi</span> <span class='ocrx_word' id='word_1_189' title='bbox 717 3897 937 3974; x_wconf 87' lang='lat' dir='ltr'>abundantia</span> <span class='ocrx_word' id='word_1_190' title='bbox 967 3897 1181 4001; x_wconf 81' lang='lat' dir='ltr'>praeditum,</span> <span class='ocrx_word' id='word_1_191' title='bbox 1217 3915 1261 3974; x_wconf 89' lang='lat' dir='ltr'>ut</span> <span class='ocrx_word' id='word_1_192' title='bbox 1284 3905 1330 3974; x_wconf 91' lang='lat' dir='ltr'>in</span> <span class='ocrx_word' id='word_1_193' title='bbox 1359 3923 1453 3976; x_wconf 87' lang='lat' dir='ltr'>mo-</span> 
     </span>
     <span class='ocr_line' id='line_1_32' title="bbox 521 4001 1456 4102; baseline 0.001 -25"><span class='ocrx_word' id='word_1_194' title='bbox 521 4018 652 4078; x_wconf 85' lang='lat' dir='ltr'>mento</span> <span class='ocrx_word' id='word_1_195' title='bbox 682 4007 827 4102; x_wconf 88' lang='lat' dir='ltr'>primo,</span> <span class='ocrx_word' id='word_1_196' title='bbox 862 4003 1111 4080; x_wconf 85' lang='lat' dir='ltr'>nullomodo</span> <span class='ocrx_word' id='word_1_197' title='bbox 1143 4002 1187 4078; x_wconf 87' lang='lat' dir='ltr'>ab</span> <span class='ocrx_word' id='word_1_198' title='bbox 1218 4001 1329 4078; x_wconf 85' lang='lat' dir='ltr'>acido</span> <span class='ocrx_word' id='word_1_199' title='bbox 1357 4007 1456 4080; x_wconf 87' lang='lat' dir='ltr'>nitri</span> 
     </span>
     <span class='ocr_line' id='line_1_33' title="bbox 521 4101 1454 4186; baseline 0.001 -5"><span class='ocrx_word' id='word_1_200' title='bbox 521 4101 859 4182; x_wconf 77' lang='lat' dir='ltr'>concontratiffiroo</span> <span class='ocrx_word' id='word_1_201' title='bbox 873 4111 1017 4184; x_wconf 80' lang='lat' dir='ltr'>mutari</span> <span class='ocrx_word' id='word_1_202' title='bbox 1065 4108 1139 4182; x_wconf 91' lang='lat' dir='ltr'>Vix</span> <span class='ocrx_word' id='word_1_203' title='bbox 1159 4101 1292 4186; x_wconf 77' lang='lat' dir='ltr'>suffieit</span> <span class='ocrx_word' id='word_1_204' title='bbox 1315 4112 1454 4182; x_wconf 80' lang='lat' dir='ltr'>tartari</span> 
     </span>
     <span class='ocr_line' id='line_1_34' title="bbox 517 4207 1451 4392; baseline 0.002 -108"><span class='ocrx_word' id='word_1_205' title='bbox 517 4211 697 4288; x_wconf 80' lang='lat' dir='ltr'>vitriolati</span> <span class='ocrx_word' id='word_1_206' title='bbox 729 4209 923 4314; x_wconf 82' lang='lat' dir='ltr'>pulverem</span> <span class='ocrx_word' id='word_1_207' title='bbox 947 4207 1055 4288; x_wconf 85' lang='lat' dir='ltr'>acido</span> <span class='ocrx_word' id='word_1_208' title='bbox 1086 4211 1229 4291; x_wconf 84' lang='lat' dir='ltr'>vitrioli</span> <span class='ocrx_word' id='word_1_209' title='bbox 1259 4207 1451 4392; x_wconf 47' lang='lat' dir='ltr'>imbuat,</span> 
     </span>
     <span class='ocr_line' id='line_1_35' title="bbox 1210 4339 1451 4398; baseline 0 -4"><span class='ocrx_word' id='word_1_210' title='bbox 1210 4378 1218 4394; x_wconf 82' lang='lat'>.</span> <span class='ocrx_word' id='word_1_211' title='bbox 1325 4339 1366 4398; x_wconf 84' lang='lat' dir='ltr'>ru</span> <span class='ocrx_word' id='word_1_212' title='bbox 1432 4359 1451 4378; x_wconf 93' lang='lat'><strong>·</strong></span> 
     </span>
    </p>
   </div>
   <div class='ocr_carea' id='block_1_3' title="bbox 0 0 1679 5317">
    <p class='ocr_par' dir='ltr' id='par_1_4' title="bbox 0 0 1679 5317">
     <span class='ocr_line' id='line_1_36' title="bbox 0 0 1679 5317; baseline 0 0"><span class='ocrx_word' id='word_1_213' title='bbox 0 0 1679 5317; x_wconf 95' lang='lat' dir='ltr'> </span> 
     </span>
    </p>
   </div>
  </div>
 </body>
</html>
