3342 5317
500 679 576 780 272
669 657 740 754 De
762 585 985 752 dendritis
1018 657 1070 754 V
1063 655 1240 758 altariis.

504 943 511 957 ,
573 863 705 942 Htsca
719 859 1158 1044 pepenfisnihiiobstare
1171 861 1333 960 videtur,
1347 887 1429 964 quo

496 977 621 1053 minut
635 967 680 1047 ad
693 967 771 1046 Tol
788 995 847 1045 am
869 968 1057 1068 argillacea
1077 963 1185 1048 malla
1203 969 1294 1045 olim
1312 965 1429 1045 fuerit
1506 916 1511 1071 l

496 1075 655 1156 Vulcani
682 1097 796 1175 opera
819 1073 855 1149 dt
878 1071 1016 1150 imbuta
1036 1068 1229 1176 sulphure,
1267 1085 1311 1148 ut
1328 1090 1429 1150 terra
1510 1116 1511 1171 p

496 1173 920 1278 albaSolfatarae(§.1V‚
947 1180 1030 1273 D),
1054 1173 1270 1254 &indurata
1282 1171 1427 1252 subter·

496 1306 612 1362 tanco
634 1278 730 1356 testu.
779 1279 878 1355 Num
904 1277 971 1356 alla
994 1273 1169 1382 supersint
1194 1279 1305 1383 hujus
1332 1303 1427 1382 ope·

496 1389 649 1464 rationis
681 1396 780 1461 certa
819 1381 975 1481 indicia,
1013 1381 1198 1482 judicent,
1239 1382 1304 1486 qui
1343 1383 1427 1460 lroec

494 1493 597 1588 loca,
624 1511 696 1588 qua
722 1485 828 1564 decet
852 1493 1077 1583 attentione,
1101 1481 1326 1591 perlustrant.
1356 1486 1425 1562 Al·

494 1593 564 1670 iaii
601 1587 805 1695 vegetabile
843 1592 1086 1686 vitrlolatum,
1125 1587 1226 1691 quod
1271 1590 1424 1670 alumen
1510 1626 1511 1667 l

494 1695 704 1776 Romanum
735 1698 921 1794 inquinat,
960 1693 1146 1772 cineribus
1181 1689 1245 1770 sub
1276 1695 1424 1774 ustione

493 1805 670 1878 immixtis
708 1795 989 1876 adscribendum
1025 1793 1231 1895 videretur,
1277 1795 1340 1874 sed
1378 1805 1422 1874 in

492 1901 567 2008 ipsa
596 1926 746 2003 quoque
775 1907 915 1980 minere
942 1908 1125 1980 occurrit:
1157 1925 1249 1977 num
1281 1899 1326 1976 ab
1363 1926 1422 1978 ar·

492 2006 646 2087 boribus
669 2015 711 2086 in
734 2005 810 2083 hoc
834 2003 950 2082 tradlu
971 2003 1069 2082 forte
1096 2005 1187 2082 olim
1220 2001 1421 2081 crescenti·

492 2113 562 2192 bus
587 2111 625 2188 dt
649 2115 915 2206 concrematis,
945 2105 1033 2186 dum
1056 2113 1152 2208 ignis
1175 2107 1261 2184 heic
1290 2105 1419 2186 saevie·

491 2215 556 2298 bat
584 2207 859 2311 subterraneus,
888 2208 1132 2294 derivandum
1158 2201 1224 2290 fit?

568 2423 630 2527 G)
659 2417 838 2502 Vllriolam
861 2418 988 2496 Mariis
1020 2441 1105 2497 raro
1136 2413 1274 2496 diretie
1299 2437 1417 2517 gene·

488 2546 592 2612 retur
613 2519 801 2604 menstruo
827 2523 967 2621 libero,
993 2545 1107 2623 quum
1140 2527 1207 2598 vix
1240 2538 1417 2599 occurrat
1510 2522 1512 2603 l

488 2637 763 2739 appropriatum
791 2627 979 2704 metallum
1012 2632 1054 2701 in
1084 2621 1206 2704 forma
1240 2619 1417 2702 solutioni

485 2731 892 2935 iiiitelilltiiii
912 2755 1044 2932 illini
1070 2745 1424 2934 iiiiiirifiii

470 2943 576 3024 teste
599 2945 828 3042 experientia
858 2944 926 3025 ita,
950 2956 992 3014 ut
1022 2933 1101 3012 fere
1131 2934 1276 3037 semper
1308 2935 1411 3036 quod
1509 2960 1510 2965 ’

483 3047 680 3152 expellitur
712 3038 895 3142 phlogisto
933 3037 1113 3130 abundet,
1154 3040 1272 3117 odore
1301 3037 1411 3118 facile
1509 3062 1510 3065 ‘

482 3143 795 3254 dignoscendum,
813 3143 911 3221 unde
925 3149 1052 3237 etiam,
1067 3144 1144 3220 hoc
1157 3139 1297 3220 volatili
1313 3151 1411 3244 prin·
1509 3150 1510 3171 ¹

481 3265 581 3360 cipio
603 3271 686 3330 toto
707 3244 897 3350 dtffipato,
922 3243 1122 3324 neceffario
1145 3241 1293 3322 rellabit
1335 3245 1411 3323 uid·

480 3385 592 3466 quam
617 3353 713 3432 acidi
735 3347 838 3446 sicci,
866 3348 967 3426 aestui
989 3356 1221 3451 pertinaciter
1244 3269 1411 3426 reiden-

415 3457 420 3474 ’
480 3465 666 3549 tisz'boc‚
691 3455 869 3534 incendio
900 3451 1102 3550 exstinc‘lo,
1127 3451 1410 3530 avidiffimehu·

479 3569 683 3648 miditatem
719 3559 940 3635 ambientem
978 3557 1143 3655 attrahit,
1183 3557 1408 3657 tandemque

478 3695 534 3752 en
552 3691 670 3770 usque
692 3663 858 3758 diluitur,
889 3675 932 3736 ut
958 3657 1096 3736 ferrum
1130 3659 1307 3736 nudatum
1341 3657 1408 3736 ad-

478 3773 582 3876 gredi
596 3784 713 3876 queat.
778 3764 880 3841 idem
896 3759 1047 3843 elledlus
1075 3764 1159 3841 alias
1179 3780 1407 3864 provocatur

475 3861 698 3966 fatiscentia,
721 3867 781 3945 sed
807 3865 1013 3949 tardilbmc.
1062 3863 1226 3945 Volatilis
1243 3889 1405 3968 namque

475 4007 560 4089 pare
591 3975 791 4076 sulphuris,
821 3970 1067 4072 atmospltaerae
1099 3968 1407 4050 vicissitudinibus
1508 3978 1509 4037 ἓ

473 4078 652 4187 expositi,
677 4074 805 4152 senlim
838 4076 998 4167 laxatur,
1037 4072 1234 4175 praesertim
1262 4071 1289 4150 st
1318 4073 1406 4150 sub·
1508 4056 1509 4081 ¹

471 4186 657 4272 irruimus
678 4181 800 4286 pulvis
822 4188 910 4260 alite
935 4179 1054 4258 libem
1088 4179 1229 4280 calido,
1257 4181 1295 4258 bt
1320 4201 1404 4258 nort

1289 4304 1404 4363 num·
