3342 5317
412 703 482 805 na
511 696 835 798 artmannus
858 641 1072 800 'Eretria
1137 737 1206 822 301
1345 709 1349 724 ·

234 931 240 942 '
272 911 345 992 tei
371 903 517 989 fusione
555 907 803 990 miiiurarumr
852 913 971 990 immo
1008 925 1107 990 tanta
1120 919 1209 1004 „pm

238 1043 248 1056 ’
280 1011 430 1096 terdum
459 1015 592 1106 caloris
623 1012 676 1092 est
708 1010 886 1111 efficacia,
930 1033 972 1092 ut
1004 1018 1207 1097 vehemens

278 1115 458 1218 digestio,
489 1119 550 1196 vel
575 1125 690 1196 'etiam
717 1118 779 1194 iiia
807 1115 1085 1217 incalescentia,
1126 1145 1207 1222 quoe

160 1294 166 1304 .
279 1221 524 1326 quarumdam
555 1229 792 1299 materiarum
820 1228 964 1304 unione
995 1221 1088 1312 solet
1120 1251 1209 1326 pro.

265 1334 423 1424 creari,
447 1319 627 1404 consueto
648 1325 772 1406 ordini
794 1313 980 1404 turbando
993 1323 1185 1408 sufficiant.

691 1503 723 1600 i·
757 1495 802 1574 v.

326 1614 561 1711 Anoruaiiae
587 1638 831 1733 apparentes
848 1644 905 1703 ex
923 1615 1159 1710 attractione

662 1732 843 1848 duplici·
901 1785 905 1798 ·
1252 1731 1261 1750 ’

356 1881 472 1960 Trito
487 1879 605 1959 fertur
624 1879 852 1982 proverbio,
875 1883 1011 1962 nullam
1041 1877 1112 1961 eiie
1131 1877 1208 1965 sme

282 1995 506 2092 exceptione
531 1985 716 2088 reguiam,
755 2011 835 2061 nnn
856 2001 980 2063 tamen
1000 1987 1087 2064 ideo
1109 1984 1207 2090 sper-

281 2093 424 2172 nendas
438 2109 529 2194 puto
547 2089 713 2187 regulas,
738 2086 799 2165 sed
816 2084 967 2189 {iugulis
980 2099 1206 2192 exceptioni·

280 2199 351 2277 bus
369 2201 439 2273 rite
459 2199 593 2293 erutis,
631 2191 676 2268 ad
703 2191 838 2292 justum
866 2193 1083 2295 redigendas
1102 2198 1208 2274 valo.

280 2327 373 2381 rem.
423 2296 498 2373 Sub
536 2295 714 2374 incudem
750 2319 845 2372 uero
883 2303 957 2398 jam
986 2299 1207 2378 revocanda
1339 2315 1342 2324 ’

281 2399 507 2603 iiiiii,
520 2415 787 2619 ‘iiipf'issiii
800 2399 1207 2608 iiiiiiiiiigz

284 2616 376 2699 eiius
399 2613 438 2689 δι
454 2615 573 2707 magis
595 2602 821 2710 compositus
852 2601 1047 2704 est'casus,
1089 2633 1207 2712 ‘quam

282 2719 347 2796 ubi
367 2745 386 2808 3
405 2739 452 2792 ex
473 2707 669 2818 hypothesi
690 2729 892 2816 operantur
912 2715 962 2810 (d.
983 2711 1050 2807 li).
1101 2719 1209 2796 Con.
1249 2789 1255 2801 ¹

281 2840 340 2902 tra
366 2813 753 2897 adfinitatum‘seriem
778 2815 1025 2920 perplurima,
1064 2839 1145 2920 quta
1166 2829 1218 2900 in·

282 2927 448 3008 medium
471 2919 631 3023 proferri
659 2917 778 2998 solent
805 2919 1049 3019 documenta,
1097 2926 1209 3024 hujus

199 3113 203 3121 ,
282 3031 369 3111 sunt
389 3026 525 3126 frugis,
563 3025 766 3124 iisdemque
793 3029 984 3128 reciproca
1002 3025 1208 3132 decompo-

282 3133 400 3216 nendi
420 3137 539 3208 virtus
556 3126 758 3205 indubitata
777 3123 1013 3230 perhibetur,
1044 3127 1104 3208 sed
1121 3155 1209 3238 pro.

280 3245 388 3347 piore
402 3239 570 3313 examine
582 3231 723 3328 larvam
737 3228 980 3309 detrahamus.
1194 3247 1198 3261 ·

358 3393 529 3484 Tarum
559 3372 801 3480 Geoiiroiana
834 3382 948 3465 acidis
976 3381 1104 3464 alkaiia
1132 3363 1207 3468 iixa
1291 3435 1293 3442 ·
1389 3360 1392 3368 ’

282 3499 384 3577 calce
409 3494 598 3596 potentius
632 3486 821 3566 adhaerere
842 3493 983 3585 innuit,
1017 3488 1129 3592 idque
1149 3500 1207 3589 ju.

280 3626 325 3682 re
344 3607 556 3698 meritoque
579 3597 743 3696 optimo,
781 3597 932 3670 interim
962 3607 1087 3692 tamen
1110 3595 1207 3674 hanc

280 3712 479 3784 veritatem
492 3697 635 3782 ludicro
647 3717 756 3774 more
774 3709 900 3773 taxant
915 3697 1097 3780 nunnulii
1130 3701 1209 3776 Sci.

280 3811 391 3904 iicet,
428 3820 589 3897 cretam,
626 3823 720 3902 aqua
751 3797 842 3876 forti
868 3797 1040 3900 solutam,
1081 3809 1208 3882 tartari

280 3911 460 3994 vitriolati
487 3905 660 3986 solutioni
681 3899 875 3990 instillant,
913 3927 989 4006 quo
1019 3928 1110 3984 mox
1139 3931 1209 4012 gp*

308 4015 386 4094 ium
401 4010 549 4109 decidit,
574 4007 802 4088 luculentum
816 4007 887 4086 iliis
901 4006 1091 4107 indicium,
1106 4009 1210 4112 quod

279 4044 366 4214 Eric
396 4118 557 4197 calcarea
584 4112 795 4216 praepolieat
823 4117 984 4189 materia.
1035 4112 1107 4196 Sed
1140 4109 1210 4194 ob.

279 4222 448 4306 servetur
455 4231 614 4326 oportet
621 4272 635 4320 ,
649 4229 823 4317 cretam,
844 4239 893 4296 ne
914 4213 1062 4324 quidem
1070 4215 1210 4328 ustam,

395 4387 399 4394 .
581 4342 590 4365 ·
1138 4339 1208 4406 aar.

1031 4533 1039 4584 i
