3342 5317
209 645 231 667 “
347 629 416 724 Dc
433 628 757 750 'Attradiq'm‘bur
778 630 989 732 Eled't'ua's.
1072 665 1155 758 349

213 833 361 937 -sponte
386 843 491 914 eiiam
522 835 640 934 efflat,
664 834 728 915 sed
758 835 937 944 nitrosum,
969 843 1036 918 vix
1070 845 1157 918 viri·

227 940 300 1038 de,
313 962 396 1016 non
412 957 535 1017 autem
547 938 696 1020 flavum.
745 941 886 1020 Notatu
906 940 1155 1044 digniffimum

217 1041 306 1142 est,
338 1043 438 1144 quod
462 1058 525 1121 ae'r
544 1043 704 1125 nitrosus
726 1045 914 1126 interdum
937 1049 1060 1126 decies
1081 1054 1156 1125 act·

214 1147 319 1226 ⁴dum
336 1146 649 1252 phlogisticatum,
676 1177 697 1227 e
714 1174 790 1252 quo
804 1147 973 1252 expulsus
988 1149 1060 1250 est,
1085 1177 1154 1232 vo·

226 1253 371 1330 iumine
381 1249 544 1354 superet,
561 1261 729 1357 quamvis
742 1274 834 1357 aqua
849 1278 930 1332 non
945 1251 1013 1332 nist
1029 1268 1079 1348 da
1099 1280 1156 1333 re·

224 1363 353 1461 cipere
379 1373 488 1462 queat
500 1359 548 1458 l).
639 1410 643 1420 -

307 1513 482 1590 Actnun
507 1517 597 1590 nitri
621 1510 855 1610 flavens,·in
881 1511 974 1598 tubo
1006 1513 1155 1594 herme·

227 1623 302 1697 tice
317 1611 487 1718 stgillato,
526 1624 606 1718 igni
625 1613 831 1718 exposrtunt
852 1611 1029 1696 intensrus
1051 1623 1156 1698 coio-

225 1741 352 1801 ratur:
383 1722 503 1798 viride
524 1723 585 1798 vei
607 1719 805 1806 caeruleurn
829 1715 874 1798 fit
894 1717 1055 1822 flavum,
1092 1721 1155 1802 sed

225 1826 295 1904 sub
311 1823 589 1922 refrigeratione
603 1820 774 1926 pristinus
788 1823 883 1902 redit
899 1824 1050 1902 nntius:
1078 1825 1154 1904 diu·

226 1935 398 2010 turniore
413 1938 501 2030 igne
516 1929 624 2005 color
645 1935 753 2004 etiam
768 1933 810 2004 in
830 1925 1047 2029 refrigerato
1071 1956 1157 2032 per·-

220 2031 354 2114 'sistens
367 2033 410 2108 ad
438 2038 588 2110 uiritur:
614 2029 731 2134 potest
746 2055 896 2132 quoque
918 2039 1068 2118 materia
1082 2041 1157 2112 tin·

219 2159 322 2242 ‘gens
342 2058 543 2212 subdorma
560 2143 707 2238 vaporis
723 2133 825 2212 rubri
840 2136 996 2238 expelli,
1022 2134 1155 2214 restan-

227 2263 267 2322 te
289 2241 396 2320 acido
415 2235 491 2318 fine
511 2241 673 2339 colore,
700 2237 760 2316 sed
788 2237 852 2316 sub
875 2238 1155 2346 respigeration‘p

227 2357 365 2427 iterum
384 2350 498 2422 intrat
521 2369 659 2455 vapqr,
682 2337 753 2422 nist
776 2343 953 2422 diuturno
966 2351 1054 2444 igne
1071 2369 1156 2424 rnu-

228 2469 334 2532 tatur

308 2603 482 2680 Acrnun
496 2544 797 2705 phlogistieat'um
811 2565 1156 2683 aikalina&meta1·

226 2710 265 2790 la
278 2707 406 2803 solvit,
429 2705 490 2785 sed
505 2704 680 2785 iaxiffime
694 2707 854 2784 adhaeret
881 2713 937 2808 (p.
952 2709 1156 2804 XXXVII)
1256 2711 1261 2722 '

226 2809 423 2892 Sufficiens
452 2813 545 2890 acidi
570 2816 676 2913 copia
704 2819 744 2888 in
768 2805 852 2887 vase
875 2829 1002 2912 aperto
1027 2837 1155 2914 parum

226 2915 417 3024 phlogisto
438 2913 656 3017 impeditur,
683 2911 773 3013 (nist
787 2914 895 3014 plene
912 2912 1042 3012 satiati)
1066 2922 1157 3016 quin

226 3021 375 3102 metalla
407 3016 541 3110 solvat,
579 3046 665 3097 nam
704 3017 889 3122 particula
920 3021 991 3096 hac
1025 3019 1159 3098 volati-

225 3128 256 3206 li
290 3130 441 3200 materia
477 3124 538 3199 vel
571 3131 853 3218 contaminatae,
893 3125 957 3198 vet
989 3123 1158 3206 eamdem

225 3235 467 3332 arripientes,
494 3226 665 3322 avolant,
687 3226 724 3304 dt
746 3244 923 3329 praeterea
948 3227 1024 3304 hoc
1050 3249 1157 3304 men·-

225 3333 372 3412 struum
398 3331 527 3408 eadem
546 3326 742 3430 praesertim
771 3327 821 3404 ob
841 3345 983 3430 partem
1013 3327 1158 3404 inflam-

226 3436 402 3516 mabilem
422 3436 654 3536 adgreditur,
685 3432 779 3509 ultra
797 3445 921 3508 certos
938 3432 1072 3508 limites
1087 3431 1159 3510 cal·

227 3547 351 3622 einata
384 3547 595 3638 neutiquam
625 3533 831 3638 suscipiens.
882 3531 976 3612 Calx
1008 3561 1161 3637 magne·

227 3643 292 3742 sti,
316 3645 401 3720 alias
419 3633 611 3744 magnefiae
625 3647 739 3742 nigrae
754 3655 845 3715 nota
861 3646 1037 3737 nomine,
1055 3664 1162 3738 egre·

228 3757 291 3851 gie
317 3743 511 3844 monstrat,
538 3743 626 3846 quid
651 3763 749 3822 certa
774 3741 948 3846 phlogisti
973 3741 1069 3824 dofis
1094 3769 1161 3820 va-

228 3857 323 3950 leat,
363 3853 501 3926 'etenim
531 3849 612 3925 haec
644 3873 821 3950 perquam
863 3853 1035 3950 exiguam
1066 3871 1160 3926 con·

229 3965 325 4038 tinet
349 3951 615 4032 inflammabilir
636 3959 902 4055 quantitatem,
927 3951 1027 4032 unde
1051 3951 1160 4136 acipp

274 4195 310 4278 i)
327 4199 382 4259 Dr.
402 4197 614 4256 intuertur
636 4189 698 4257 vol.
718 4195 773 4259 ΠΙ.
