3342 5317
460 751 529 894 Da
556 751 778 875 Produiiis
808 752 1029 849 Volcaniis.
1126 763 1215 856 261'
1318 889 1322 902 ν

278 955 421 1036 ambitu
460 952 666 1036 coalescere
694 960 888 1060 incipiant,
928 956 974 1035 ad
1004 949 1116 1037 fidem
1147 957 1207 1046 e'st'

269 1058 539 1163 pronisslmum.
589 1059 779 1140 Particulae
799 1068 922 1165 itaque
943 1058 1038 1140 sanae
1065 1070 1200 1166 partim

251 1163 417 1242 -inclusae
441 1168 698 1268 reperiuntur,
730 1171 861 1268 partim
884 1172 984 1244 inter
996 1172 1199 1249 'concretas

268 1292 362 1345 rarae
395 1267 455 1360 dis
474 1265 593 1346 ersaa
630 1263 733 1346 Hinc
761 1269 845 1346 calx
874 1269 1021 1370 quidem
1046 1287 1196 1351 mortua

267 1377 309 1448 in
332 1397 425 1474 aqua
445 1295 623 1470 solvitur,
657 1378 817 1474 itemque
834 1369 986 1471 fatiscit,
1008 1372 1069 1450 sed
1094 1376 1196 1455 lente

267 1475 308 1554 dt
325 1499 453 1578 parce,
478 1474 578 1578 unde
591 1475 694 1553 calor
710 1475 802 1553 adeo
826 1474 928 1553 tarde
952 1475 1128 1576 nascitur,
1149 1484 1195 1560 itt

264 1575 362 1657 sacili
381 1577 637 1658 distributione
650 1574 715 1656 fiat
728 1576 953 1662 insensibilis.
984 1581 1104 1659 Acida
1117 1589 1193 1662 mi·

263 1685 400 1778 neralia
419 1709 499 1761 eam
519 1705 667 1785 quoque
687 1678 900 1786 suscipiunt,
923 1683 1077 1786 &quod
1101 1710 1192 1787 pro.

263 1785 313 1864 be
326 1786 530 1865 notandum
545 1783 621 1892 est,
631 1811 717 1866 cum
733 1785 1006 1886 incalescentia,
1022 1810 1059 1870 at
1072 1789 1190 1892 gradu

263 1889 491 1968 testudineo:
530 1896 631 1992 prius
651 1890 783 1968 caloris
804 1895 1017 1992 portionem
1040 1915 1080 1968 re
1099 1917 1189 1998 vera

261 1995 410 2094 ligatam
427 2001 588 2093 evincit,
615 1993 653 2072 dt
671 1989 852 2095 posterius
873 2020 921 2072 ex
942 2000 1085 2073 interna
1104 2003 1187 2098 qui-

262 2117 323 2178 ete
344 2107 457 2175 totius
478 2092 596 2176 massae
617 2096 763 2200 pendet.
814 2097 961 2176 Scilicet
980 2103 1104 2178 omnis
1125 2097 1187 2175 so-

260 2204 354 2280 lutio
373 2217 478 2278 motu
499 2201 741 2297 acceleratur,
780 2207 845 2299 qui
873 2199 1048 2304 praesente
1076 2201 1185 2281 acido

260 2320 376 2384 aereo
406 2303 468 2380 sub
497 2304 661 2404 ejusdem
684 2298 898 2406 expulsrone
916 2307 954 2384 da
975 2313 1184 2385 enatatione

257 2433 326 2512 per
346 2433 478 2488 omnes
500 2407 695 2511 particulas
716 2409 945 2486 extenditur:
986 2411 1075 2488 hinc
1099 2411 1184 2492 calx

258 2513 298 2592 dt
321 2505 503 2612 magnesia
538 2518 607 2590 rite
641 2510 824 2588 calcinate
849 2517 890 2590 in
920 2515 1034 2592 acidis
1058 2521 1183 2612 jacent

257 2617 465 2695 immobiles
489 2617 526 2694 &
545 2610 643 2716 quast
665 2615 807 2692 intadlae
829 2619 1037 2719 perplures
1055 2618 1183 2718 horas,

257 2745 340 2823 quta
359 2733 494 2796 'aeratae
515 2717 669 2796 totidem
690 2724 840 2795 minutis
861 2740 948 2796 cum
968 2722 1183 2802 vehementi

257 2822 554 2920 effervescentia,
577 2819 638 2899 sed
657 2847 743 2900 cum
764 2829 897 2924 exigua
916 2842 1059 2903 tantum
1078 2831 1182 2901 inca-

255 2924 450 3027 lescentia,
491 2934 569 3004 cito
591 2927 792 3028 &penitus
812 2924 1001 3030 disparent
1057 2929 1180 3030 Aqua

254 3028 448 3131 mensura,
472 3031 579 3108 acido
600 3032 788 3110 vitriolico
810 3029 901 3108 sorti
921 3031 1085 3132 ejusdem
1107 3056 1180 3113 vo·
1286 3112 1290 3121 ,
1429 3020 1431 3031 '

253 3137 403 3212 luminis
421 3134 622 3236 prudenter
650 3137 688 3212 δι
717 3136 898 3235 paullatim
926 3133 1068 3234 adfusa,
1135 3161 1178 3214 er

251 3239 364 3317 horas
386 3235 550 3316 distincta
574 3235 778 3315 monstrant
796 3235 926 3332 strata,
960 3244 1075 3317 immo
1097 3160 1175 3318 dne

251 3339 475 3444 quassatione
492 3342 765 3442 homogeneam
796 3339 979 3420 miscelam
1012 3367 1093 3420 non
1119 3339 1174 3421 es·

250 3445 386 3524 ficiunt
401 3439 468 3522 nist
481 3443 645 3546 pluribus
663 3443 962 3546 nychthemeris,
988 3443 1088 3546 quod
1111 3442 1175 3522 ab.

249 3548 352 3628 unde
384 3545 541 3638 indicat,
577 3555 703 3650 quanti
727 3543 770 3627 stt
798 3554 981 3626 momenti
1007 3554 1048 3626 in
1074 3544 1174 3626 solu·

250 3651 414 3734 tionibus
430 3649 547 3730 massae
562 3648 753 3732 intestinus
771 3667 907 3734 motus.

266 3845 272 3856 ⁸
325 3851 495 3937 Amare
510 3857 635 3936 valent
651 3855 697 3936 de
716 3851 845 3936 crustis
868 3857 1042 3936 calcareae
1061 3851 1169 3933 indo·
1293 3907 1302 3933 .

250 3965 318 4062 lis,
357 3976 462 4042 antea
482 3947 690 4063 descriptis,
712 3967 808 4062 'quae
824 3967 911 4062 igne
931 3957 1171 4060 subterraneo
1277 4054 1280 4061 Δ

249 4063 360 4144 talem
393 4061 580 4169 suscepisse
619 4064 793 4143 videntur
828 4061 1172 4160 condensationem,

249 4173 312 4248 vel
336 4171 442 4248 aliam
460 4175 724 4258 mutationem,
748 4185 810 4266 ut,
834 4175 945 4254 etiam
963 4165 1044 4269 post
1067 4190 1173 4246 recu·
1236 4171 1241 4194 '

248 4291 417 4380 peratum
431 4273 759 4368 acidumaereum,
784 4280 997 4376 ignetortaa
1012 4264 1174 4349 nonnisi

720 4373 799 4474 R3
974 4372 1174 4484 ·segni·
