3342 5317
417 616 424 629 ⁴
494 677 580 771 408
639 652 708 748 De
733 647 1056 751 Amadbnidur
1085 593 1299 762 Eitdit'vt‘n

490 863 589 944 ,oriri
612 857 847 960 perhibetur,
874 879 954 958 quae
986 861 1026 932 in
1082 853 1224 935 tresenti
1258 851 1369 952 casu,
1389 879 1426 932 η

496 963 601 1041 nulio
617 962 798 1038 ambiente
819 967 982 1062 corpore
1004 883 1236 1052 abdimum,
1264 985 1356 1036 nam
1369 967 1428 1034 ni·

496 1064 617 1145 troius
634 1093 655 1142 e
670 1063 847 1142 fluiditate
861 1070 901 1143 in
917 1061 1153 1162 liquiditatem
1176 1069 1348 1162 migrans
1370 1088 1428 1138 ca·

493 1171 590 1267 ioris
605 1163 762 1270 specifici
782 1175 995 1269 portionem
1011 1163 1142 1243 ‘laxare
1167 1165 1304 1262 debet,
1331 1171 1429 1244 inter

488 1266 641 1369 'objedin
668 1279 793 1348 uicina
817 1269 1100 1354 distribuendam
1123 1271 1325 1362 &vitrum
1348 1269 1426 1345 sen·

496 1367 563 1453 sim
578 1393 840 1474 penetrantem.
895 1375 990 1471 Quo¹
1001 1379 1083 1470 jure
1107 1373 1186 1450 talis
1206 1373 1350 1467 caloris
1367 1399 1427 1452 or·

496 1494 555 1554 tos
572 1477 764 1577 statuatur,
796 1475 1082 1578 insequentibus
1095 1476 1373 1560 examinabitur
1386 1479 1427 1576 (p

494 1582 680 1679 XLVIII).

492 1855 530 1885 ,Ι
570 1788 656 1864 Ain
692 1773 932 1894 ipiommdbiiis
972 1809 993 1860 e
1027 1783 1182 1862 metaliis
1207 1783 1425 1890 phlogiston

492 1885 576 1968 tere
603 1916 738 1993 purum
758 1910 888 1993 putum
907 1899 947 1966 in
968 1887 1089 1964 forma
1111 1903 1216 1965 aerea
1237 1902 1424 1981 continet,

369 2076 375 2083 ,
494 1997 644 2072 vitalem
666 2013 791 2070 tamen
810 2020 881 2072 nec
905 2007 1046 2082 mutan.
1068 2016 1139 2066 nec
1160 1993 1221 2074 hic
1243 1995 1312 2069 itio
1338 2022 1423 2070 rnu-

493 2114 615 2196 tatur,
647 2123 696 2173 ne
716 2098 864 2194 quidem
889 2093 1080 2178 contaetuss
1094 2119 1158 2194 per
1180 2103 1420 2198 peregrinum

492 2202 658 2284 calorem
672 2201 801 2298 audio,
819 2196 927 2300 ¹quod
940 2223 1059 2298 nuper
1070 2199 1185 2290 allatis
1199 2197 1243 2274 de
1260 2213 1352 2277 aere
1367 2209 1422 2278 ni-

460 2304 467 2324 '
494 2303 594 2384 troso
613 2329 741 2406 parum
762 2327 971 2406 congruere
993 2299 1150 2398 videtur.
1200 2301 1269 2378 Sed
1296 2303 1424 2382 obser-

492 2427 607 2498 petur
627 2424 796 2511 oportet,
824 2405 924 2504 quod
945 2411 1037 2482 ae'ris
1063 2397 1189 2482 nitrosr
1212 2405 1421 2510 decompo-

494 2507 576 2602 srtio
592 2510 735 2610 ‚duplici
755 2507 968 2611 perficiatur
991 2507 1224 2585 attradiione:
1249 2513 1421 2606 ejusdem

491 2638 577 2716 pars
600 2612 813 2716 phlogistica
840 2611 1056 2690 sollicitatur
1083 2621 1164 2688 a'e‘re
1195 2615 1318 2712 pitaii,
1376 2613 1421 2690 sr-

491 2717 646 2818 mulque
667 2715 768 2794 acida
786 2717 1088 2814 mediantenqua.
1128 2717 1219 2794 Haeo
1239 2719 1331 2794 ideo
1353 2725 1422 2794 mi·

401 2840 403 2846 ’
489 2817 598 2916 scola,
622 2820 856 2922 hydrargyro
875 2816 973 2908 [icoo
989 2815 1119 2916 citrosa,
1133 2816 1419 2900 succeiiucaret.

489 2921 701 3004 ‚contaetus
726 2948 818 3000 uero
849 2921 1004 3014 flammae
1040 2923 1099 3000 vel
1130 2932 1302 3026 corpoeis
1334 2949 1419 3006 can·

364 3028 368 3034 ’
490 3025 615 3128 dentis
642 3024 850 3106 mirandam
884 3042 1064 3127 provocat
1094 3021 1239 3104 scenam
1276 3034 1317 3106 in
1348 3037 1420 3106 mi·

491 3126 718 3228 secla-airis
757 3125 1031 3226 inflammabiiis
1056 3153 1151 3206 :cum
1191 3132 1314 3228 vitali,
1356 3135 1400 3212 ili

401 3299 408 3305 .
492 3243 593 3310 enim
616 3233 831 3310 accenditur
858 3249 1034 3334 tantoque
1054 3231 1158 3312 ardet
1179 3239 1349 3337 impetu,
1381 3251 1421 3311 ut

490 3333 578 3426 aestu
603 3337 640 3414 dt
666 3335 825 3429 efficacia
849 3337 1036 3436 uulgarem
1064 3343 1188 3440 ignem
1217 3339 1333 3438 longe
1364 3338 1423 3416 su·

489 3456 616 3616 peret,
650 3441 816 3540 lucisque
830 3437 982 3538 fulgore
1003 3443 1134 3532 oculos
1156 3437 1333 3520 obfuscet.
1387 3446 1421 3518 Si

519 3566 566 3639 oo
602 3543 822 3639 incendium
853 3550 905 3634 in,
928 3539 1040 3642 spatio
1082 3568 1155 3644 ope
1190 3545 1420 3650 hydrargyri

486 3642 612 3721 clauso
630 3654 832 3748 peragitur,
857 3643 958 3749 quod
982 3645 1183 3748 prudenter
1203 3651 1420 3750 proceden-

490 3746 541 3822 do
571 3744 654 3824 fieri
685 3746 823 3850 potest,
861 3757 949 3850 igne
983 3747 1162 3832 exstintio
1183 3751 1220 3832 δι
1242 3774 1419 3856 apparatu
1480 3805 1481 3812 κ

484 3847 726 3951 refrigerato,
751 3866 901 3940 aereum
925 3855 1103 3932 voiumen
1123 3878 1193 3950 qua
1215 3864 1419 3934 maximam

390 4018 394 4026 .
484 3969 630 4050 partem
657 3951 841 4035 euanuiffe
869 3965 1061 4057 reperitur.
1102 3953 1322 4036 residuum
1351 3987 1421 4038 ex·

483 4053 669 4158 ploratum
696 4071 816 4138 aerem
844 4067 1013 4138 continet
1043 4076 1288 4162 corruptum,
1335 4061 1420 4140 fere

481 4177 688 4262 numquam
722 4164 819 4255 acidi
850 4167 947 4241 atrei
970 4165 1205 4268 portiuncula
1223 4171 1416 4269 nquina-
